2546 3936
210 187 270 249 100
381 203 475 243 umus
487 203 529 243 rx.
547 201 616 244 oar.
632 189 658 246 7.
673 189 700 242 8.
717 176 755 262 [a.
768 203 798 242 u.
815 203 841 242 c.
852 161 993 260 433.”434]

209 350 312 409 dorem
334 347 493 409 intuendae
515 347 589 410 lucis
614 349 764 425 ingentem
786 345 894 406 molem
916 347 1028 406 irarum
1051 345 1087 405 e'x
1110 345 1170 407 alto

180 435 299 494 caninii
316 433 421 492 cientis
432 432 540 492 indicia
553 451 626 492 esse.
655 439 704 490 aut
716 431 847 490 Romana
859 447 890 488 se
903 431 1040 506 ignorare
1051 431 1171 506 ingenia

148 527 150 530 ’
209 525 259 576 aut
272 515 423 576 silentium
438 513 509 576 illud
528 514 707 576 Samnitibus
728 512 840 574 ssebiles
856 513 940 574 brevi
954 511 1097 574 clamores
1119 531 1170 591 ge·

209 603 355 679 mitusque
371 601 579 667 excitaturum,
595 598 800 676 Caudinaeque
821 599 902 676 pacis
922 595 1068 675 aliquanto
1086 597 1169 657 Sam·

180 689 197 742 5
210 683 319 744 ultibus
337 701 424 762 quam
439 683 578 742 Romanis
593 683 751 741 tristiorem
766 682 938 740 memoriam
960 681 1038 739 iore:
1060 683 1172 758 quippe

208 786 277 827 suos
292 785 441 846 quemque
458 784 560 825 eorum
574 766 686 825 animos
702 763 885 833 habiturum,
906 764 1083 842 ubicumque
1099 782 1171 824 cou-

209 851 340 928 gressuri
354 851 426 918 sint;
443 847 533 908 saltus
544 848 689 909 Caudinos
705 865 764 906 non
779 847 891 926 ubique'
900 846 1079 908 Samnitibus
1094 846 1170 908 iore.

180 939 199 992 6
269 934 331 994 lam
350 933 462 992 Romae
485 934 574 992 etiam
594 950 645 992 sua
666 931 783 992 inlamis
804 930 902 991 clades
926 938 997 991 erat.
1034 929 1172 1012 obsessos

206 1018 339 1095 primum
357 1017 528 1084 audierunt;
544 1016 655 1076 tristior
668 1015 773 1075 deinde
788 1016 1001 1090 ignominiosae
1016 1015 1097 1092 pacis
1107 1033 1171 1075 ma·

181 1102 253 1178 'igis
270 1117 360 1177 quam
381 1097 505 1177 periculi
526 1100 645 1159 nuntius
666 1098 729 1158 suit.
765 1098 801 1157 ad
823 1097 930 1158 lamam
952 1097 1112 1158 obsidionis
1126 1098 1171 1158 di-

208 1181 302 1243 lectus
318 1181 422 1242 haberi
435 1191 555 1262 coeptus
569 1177 648 1251 erati
663 1182 799 1242 dimissus
810 1179 915 1240 deinde
931 1181 1104 1241 auxiliorum
1120 1201 1172 1260 ap·

208 1275 346 1344 paratus,
373 1274 526 1346 postquam
553 1265 731 1327 deditionem
760 1274 821 1324 tam
844 1264 929 1325 ioede
954 1265 1059 1325 iactam
1085 1283 1172 1324 acce-

205 1349 338 1429 'perunt;
355 1349 559 1430 extemploque
574 1351 637 1410 siue
653 1348 710 1409 ulla
725 1347 842 1427 publica
857 1349 1028 1410 auctoritaie
1045 1366 1173 1408 consen-

181 1439 274 1494 esum
292 1435 323 1495 in
341 1451 460 1494 omnem
473 1434 598 1494 sormam
613 1433 709 1493 luctus
724 1441 782 1492 est:
810 1431 948 1492 tabernae
973 1433 1051 1492 circa
1071 1432 1172 1493 iorum

209 1515 326 1576 clausae
350 1519 550 1595 iustitIumque
573 1518 605 1576 in
630 1516 695 1577 loro
721 1533 774 1575 sua
799 1525 904 1594 sponte
925 1524 1061 1593 coeptum
1087 1518 1172 1594 prius

179 1603 297 1678 liquam
314 1599 471 1668 lndictum,
492 1598 642 1668 laticlavi,
658 1598 738 1658 anuli
753 1601 834 1659 aurei
849 1600 950 1676 positi;
971 1617 1066 1677 paene
1089 1617 1172 1660 mac·

209 1683 283 1742 stior
299 1684 430 1742 exercitu
453 1684 516 1758 ipso
533 1682 632 1742 civitas
647 1700 725 1751 esse,
747 1699 802 1742 nec
823 1681 946 1743 ducibus
967 1682 1062 1743 solum
1083 1689 1172 1761 atque

209 1762 381 1825 auctoribus
392 1763 641 1844 sponsoribusque
655 1767 736 1845 pacis
749 1767 853 1836 irasci,
871 1765 922 1826 sed
935 1767 1070 1826 innoxios
1082 1768 1172 1826 etiam

168 1853 201 1906 io
212 1845 287 1908 milit
306 1847 432 1908 sedisse
449 1859 478 1908 et
492 1865 601 1926 negare
622 1849 695 1909 urhe
717 1852 836 1908 tectisve
857 1850 1052 1928 accipiendos.
1082 1868 1171 1929 quam

208 1931 435 1992 concitationem
456 1933 621 1993 animorum
643 1933 730 2010 fregit
749 1933 889 1992 adventus
912 1935 1057 1993 exercitus
1081 1935 1172 1994 etiem

207 2014 291 2074 iratis
310 2014 496 2076 miserabilis.
531 2019 684 2076 nonenim
708 2023 856 2094 tamquam
876 2017 907 2076 in
927 2019 1053 2096 patriam
1070 2035 1170 2077 rever-

207 2103 308 2157 tentes
323 2116 359 2157 ex
373 2100 521 2178 insperato
537 2099 714 2170 incolumes,
730 2100 781 2160 scd
794 2108 946 2179 captorum
963 2101 1065 2161 babitu
1075 2100 1171 2162 vultu-

167 2183 196 2239 11
208 2198 266 2259 que
290 2181 417 2258 ingressi
437 2201 505 2243 sero
523 2183 555 2242 in
576 2184 680 2244 urbem
703 2184 744 2244 ita
763 2201 794 2243 sc
814 2185 846 2243 in
867 2185 927 2242 suis
942 2187 1065 2263 quisque
1085 2185 1171 2244 tectis

207 2263 404 2335 abdiderunt,
428 2275 460 2327 ut
479 2273 597 2348 postero
618 2276 705 2346 atque
726 2268 947 2346 insequentibus
964 2268 1066 2328 diebus
1081 2286 1170 2328 nemo

165 2352 198 2404 12
210 2365 316 2413 eorum
340 2349 438 2410 iorum
459 2358 509 2411 aut
528 2350 678 2430 publicum
700 2353 832 2428 aspicere
852 2351 946 2412 vellet.
983 2351 1118 2412 consules
1139 2353 1170 2412 in

206 2432 324 2508 privato
345 2433 436 2496 abditi
456 2434 529 2494 nihil
548 2453 602 2512 pro
625 2436 797 2512 magistratu
819 2453 922 2513 agere,
944 2438 1000 2496 nisi
1021 2436 1101 2516 quod
1120 2455 1170 2497 ex·

204 2532 343 2592 pressum
356 2517 618 2578 senatusconsulto
630 2526 688 2586 est,
705 2526 737 2577 ut
749 2519 921 2579 dictatorem
934 2519 1067 2580 dicerent
1077 2521 1170 2580 comi-

164 2599 320 2660 latiorum
332 2617 427 2661 causa.
456 2601 490 2673 Q.
502 2602 625 2662 Fabium
636 2601 809 2662 Ambustum
823 2603 959 2663 dixerunt
971 2612 999 2664 et
1010 2603 1043 2664 P.
1054 2603 1169 2664 delium

166 2687 197 2736 14
208 2681 333 2742 Paetum
355 2687 527 2762 magistrum
545 2687 685 2764 equitum.
716 2686 822 2764 quibus
844 2688 912 2746 vitio
928 2688 1034 2747 creatis
1054 2689 1170 2750 sullecti

205 2762 243 2822 ll.
263 2765 403 2826 Aemilius
417 2768 513 2846 Papus
533 2770 671 2840 dictator,
693 2769 725 2828 L.
741 2769 873 2829 Valerius
888 2769 1010 2831 Flaccus
1029 2772 1170 2850 magister

206 2848 349 2920 equitum.
376 2867 431 2908 nec
443 2869 497 2928 per
509 2870 559 2911 eos
570 2853 686 2911 comitia
700 2852 812 2922 habita,
831 2860 873 2923 et,
891 2855 957 2932 quia
969 2855 1106 2914 taedebat
1116 2873 1169 2935 po·

204 2927 310 3004 pulum
321 2932 451 2991 omnium
462 2936 684 3011 magistratuum
697 2937 758 2995 cius
769 2938 846 3006 anni,
857 2955 905 2996 res
917 2936 953 2996 ad
964 2940 1168 3014 interregnum

164 3015 195 3068 15
206 3011 259 3070 red
266 3013 307 3070 iit.
337 3013 501 3092 interreges
516 3017 550 3086 Q.
563 3015 669 3077 Fabius
681 3018 836 3088 lleximuS,
853 3021 890 3081 ll.
903 3019 1035 3081 Valerius
1047 3023 1167 3082 Corvus.

188 3145 193 3152 .
205 3094 230 3153 is
249 3095 389 3156 consules
403 3103 512 3160 creavit
528 3101 561 3172 Q.
577 3100 735 3161 Publilium
749 3101 903 3163 Philonem
924 3111 954 3163 et
968 3096 1004 3164 L,
1016 3105 1167 3183 Papirium

203 3178 365 3240 Cursorem
379 3183 486 3243 iterum
497 3184 574 3244 haud
586 3185 675 3244 dubio
688 3203 832 3248 consensu
846 3189 984 3257 civitatis,
1000 3188 1079 3267 quod
1095 3187 1168 3249 nulli

204 3279 237 3321 ea
251 3268 428 3342 tempestate
444 3267 533 3328 duces
548 3268 687 3329 clariores
702 3279 809 3330 essent.

178 3349 192 3398 l
271 3345 341 3405 Vlll.
372 3349 435 3418 Qun
458 3355 548 3412 creati
567 3362 635 3412 sunt
660 3353 721 3420 die,
744 3371 778 3413 eo
795 3357 893 3415 -sic
915 3356 994 3414 enim
1015 3354 1168 3434 placuerat

203 3427 340 3502 patribus
353 3463 390 3474 -
406 3436 607 3510 magistratum
618 3437 766 3506 inierunt,
783 3437 1032 3518 sollemnibusque
1046 3447 1167 3500 senatus
