2542 3956
188 221 254 284 280
295 209 301 216 ¹
370 237 464 278 mne
477 238 554 279 xxn.
571 239 640 281 cur.
654 227 698 281 21.
711 227 754 281 22,
771 215 810 299 [a.
825 241 856 282 u.
872 243 898 281 ο.
913 215 976 301 537]

191 383 228 444 ad
245 384 422 445 maritimam
439 403 537 455 oram,
554 386 676 445 concitis
691 384 882 464 popularibus
899 387 930 446 in
947 403 1049 462 agrum
1066 403 1164 464 paca·
1232 443 1233 464 ζ

109 499 114 511 ·
162 475 254 527 atum
269 469 416 528 sociorum
431 469 631 529 Romanorum
647 468 683 528 ad
700 467 901 548 populandum
916 477 1069 528 venerunt.
1103 469 1165 530 ad·

191 568 293 611 versus
316 569 366 611 eos
385 551 521 612 tribunus
540 552 665 612 militum
683 570 749 612 cum
766 551 909 631 expeditis
929 551 1075 612 auxiliisa
1092 553 1164 613 Sci·

192 635 280 712 plone
292 636 373 694 missi
384 634 439 695 levl
451 638 619 706 certamine,
633 640 665 695 ut
676 633 894 697 tumultuariam
905 653 1033 704 manum,
1045 633 1160 696 ludere

192 720 303 788 omnis,
327 720 430 780 occisis
445 719 619 798 quibusdam
641 719 790 798 captisque
815 737 980 798 magnaque
1001 725 1087 794 parte
1108 737 1163 780 ar·

163 803 248 861 amis
273 809 367 862 exuta.
415 803 463 862 bic
490 810 589 863 tamen
608 799 749 863 tumultus
769 802 922 863 cedentem
945 801 981 861 ad
1004 799 1163 862 Oceanum

193 884 406 946 Hasdrubalem
434 887 475 946 cis
499 887 641 946 Hiberum
671 886 706 946 ad
735 887 831 946 socios
862 885 998 946 tutandos
1021 888 1162 946 retraxit.

163 975 289 1028 ltcastra
313 969 423 1031 Punica
450 971 481 1028 in
504 986 575 1047 agro
596 969 878 1048 Hergavonensium,
906 976 1001 1030 castra
1022 968 1163 1029 Romana

195 1051 231 1111 ad
252 1051 362 1112 Noram
386 1051 508 1111 classem
530 1062 628 1123 erant,
655 1070 721 1112 cum
745 1049 822 1111 la'ma
843 1069 951 1131 repens
974 1051 1030 1112 alio
1051 1055 1163 1112 avertit

166 1133 314 1196 thallum.
359 1134 511 1202 Celtiberi,
532 1137 583 1216 qui
607 1137 756 1214 principes
776 1137 905 1213 regionis
922 1153 992 1195 suae
1014 1138 1166 1195 ruberent

195 1216 307 1294 legatos
335 1218 510 1297 obsidesque
539 1218 682 1279 dederant
706 1217 856 1289 Humanis,
888 1219 990 1279 nuntio
1020 1219 1111 1278 misso
1144 1237 1161 1279 a

196 1299 334 1379 Scipione
358 1305 445 1362 exciti
473 1320 553 1363 arma
582 1304 713 1381 capiunt,
739 1303 979 1380 provinciamque
1001 1301 1161 1380 Cartbagi-

196 1385 341 1445 niensium
354 1385 447 1445 valido
456 1386 585 1446 exercitu
594 1385 749 1454 invadunt;
763 1383 930 1463 triaoppida
941 1387 1161 1464 viexpugnant.

167 1466 339 1528 aindecum
356 1471 419 1547 ipso
431 1467 614 1530 Hasdrubale
622 1466 735 1528 dnobus
746 1467 989 1547 proeliisegregie
1000 1476 1139 1546 pugnant
1152 1487 1160 1536 ;
1251 1495 1252 1500 ¹

197 1551 234 1610 ad
257 1552 424 1630 quindecim
452 1551 531 1611 milia
553 1552 680 1611 hostium
698 1551 883 1622 occiderunt,
907 1558 1059 1631 quattuor¹
1076 1551 1161 1610 milia

199 1652 266 1694 curn
284 1634 383 1694 multis
398 1633 573 1694 militaribus
587 1636 678 1712 signis
696 1636 824 1712 capiunt.

171 1723 186 1773 l
262 1715 349 1777 xxtl.
379 1716 442 1777 Hoc
457 1724 533 1778 statu
553 1734 653 1776 rerum
672 1719 703 1776 in
719 1717 857 1796 Hispania
871 1717 902 1778 P.
920 1717 1017 1796 Scipio
1033 1719 1065 1776 in
1088 1735 1161 1794 pro·
1254 1734 1255 1756 1

199 1800 322 1859 vinciam
344 1801 439 1869 venit,
469 1807 627 1878 prorogato
662 1809 728 1879 post
755 1800 937 1861 consulatum
967 1801 1094 1879 imperio
1120 1800 1159 1860 ab

198 1890 301 1943 senatu
315 1884 436 1951 missuS,
450 1901 517 1944 curu
533 1885 653 1962 triginta
671 1883 766 1960 longis
780 1883 903 1944 navibus
915 1892 944 1943 et
960 1891 1026 1944 octo
1038 1882 1162 1943 milibus
1256 1944 1257 1964 1

168 1965 323 2028 amilitnm
345 1985 511 2046 magnoque
533 1975 699 2027 commeatu
715 1967 844 2031 advecto.
875 1986 909 2026 ea
931 1967 1031 2028 classis
1052 1968 1162 2044 ingens

199 2052 315 2129 agmine
326 2052 528 2112 onerariarum
544 2050 648 2130 procul
658 2051 718 2111 visa
730 2068 796 2110 cum
807 2068 914 2127 magna
929 2050 1038 2110 laetitia
1051 2051 1160 2110 civium

172 2136 405 2212 asociorumque
418 2142 535 2211 portum
553 2135 729 2194 Tarraconis
744 2151 779 2194 ex
794 2131 852 2193 alto
866 2136 969 2195 tenuit
1004 2132 1046 2192 ibi
1066 2133 1160 2193 milite

192 2217 331 2299 'prposito
352 2217 501 2296 proiectus
523 2219 622 2296 Scipio
645 2217 730 2277 fratri
751 2235 782 2275 se
805 2218 970 2294 coniungit;
996 2234 1029 2276 ao
1052 2216 1160 2276 deinde

171 2297 349 2361 lcommuni
369 2302 467 2362 animo
488 2299 668 2380 consilioque
688 2299 830 2377 gerebant
849 2297 968 2361 beHum.
1009 2301 1161 2378 occupatis

199 2385 288 2461 igitur
301 2383 590 2462 Carthaginiensibus
605 2382 780 2445 Celtiberico
796 2381 875 2443 bello
893 2383 971 2444 baud
986 2389 1161 2443 cunctanter

199 2465 341 2526 Hiberum
363 2468 633 2546 transgrediuntur,
657 2485 712 2526 nec
732 2465 791 2526 ullo
816 2467 876 2526 viso
897 2467 981 2526 hoste
996 2466 1161 2544 Saguntum

200 2558 327 2628 pergunt
338 2552 396 2620 ire,
419 2551 496 2630 quod
516 2551 558 2610 ibi
570 2550 686 2611 obsides
709 2551 797 2610 totius
811 2549 967 2627 Hispaniae
983 2550 1104 2609 traditos
1122 2548 1160 2608 ab

200 2633 362 2694 Hannibale
386 2634 463 2694 lama
481 2643 544 2695 erat
564 2634 680 2694 modico
695 2635 730 2698 lin
754 2651 822 2694 arce
842 2633 984 2692 custodiri
1002 2633 1158 2711 praesidio.

169 2716 228 2774 tid
252 2735 343 2777 unum
366 2718 472 2796 pignus
494 2717 648 2778 inclinatos
670 2717 706 2777 ad
721 2715 883 2777 Romanam
905 2717 1074 2776 societatem
1097 2734 1160 2775 om·

200 2800 281 2860 nium
305 2800 460 2878 Hispaniae
481 2799 656 2880 populorum
682 2802 794 2861 animos
819 2798 1002 2869 morabatur,
1031 2817 1069 2859 ne
1093 2817 1160 2858 san·
1222 2875 1227 2882 .

170 2881 288 2959 nguine
304 2881 430 2943 liberum
446 2901 566 2944 suorum
581 2882 666 2961 culpa
681 2883 854 2943 delectionis
870 2881 1012 2944 lueretur.
1046 2900 1081 2942 eo
1100 2883 1159 2941 vin·

201 2964 267 3026 culo
281 2965 449 3044 Hispaniam
471 2967 514 3025 vir
536 2984 610 3025 unus
631 2965 761 3026 sollertia
783 2968 876 3042 magis
893 2983 981 3046 quarn
997 2963 1075 3026 fideli
1090 2982 1158 3025 con·

199 3047 265 3111 silio
280 3047 410 3110 exsolvit.
435 3047 548 3110 Abelux
563 3055 626 3109 erat
638 3049 760 3126 Sagunti
780 3049 887 3108 nobilis
902 3049 1063 3127 Hispanus,
1085 3048 1159 3128 lidus

201 3141 269 3194 ante
283 3135 404 3204 Poenis,
420 3141 500 3204 tum,
519 3131 614 3213 qualia
630 3133 804 3213 plerumque
819 3139 889 3192 sunt
904 3131 1098 3193 barbarorum
1115 3134 1159 3192 in·

170 3218 302 3296 agonia,
319 3235 386 3277 cum
398 3218 515 3278 fortuna
530 3223 693 3278 mutaverat
703 3217 800 3276 fidem.
834 3223 966 3276 ceterum
979 3215 1159 3292 transfugam

199 3303 263 3360 sine
283 3318 406 3378 magnae
423 3303 466 3360 rei
479 3302 646 3379 proditione
658 3301 822 3360 venientem
839 3299 876 3359 ad
892 3299 983 3360 bostis
998 3296 1071 3358 nihil
1082 3297 1158 3357 aliud

201 3401 288 3460 quam
304 3401 394 3442 unum
411 3384 465 3442 vile
481 3393 567 3460 atque
587 3383 695 3442 infame
713 3401 820 3459 corpus
836 3400 901 3442 esse
925 3389 1021 3450 ratus,
1043 3380 1073 3440 id
1093 3397 1159 3457 age·

200 3463 267 3530 bat,
283 3472 316 3522 ut
332 3483 418 3541 quam
434 3483 602 3526 maxumum
618 3464 848 3526 emolumentum
868 3466 951 3524 noris
972 3465 1060 3524 sociis
1075 3469 1159 3524 esset
