2542 3956
327 242 419 283 ranna
433 241 509 283 xxn.
523 240 592 283 ear.
607 229 650 282 33.
667 229 710 284 34.
725 219 764 302 [a.
782 223 817 287 O.
832 222 894 306 217]
1029 231 1089 296 291

196 387 323 452 XXXlll.
360 388 416 448 Per
443 387 562 449 eosdem
589 387 651 449 dies
676 389 842 469 speculator
870 391 1116 472 Carthaginien-t

136 475 191 546 sis,
207 474 257 553 qui
274 489 328 553 per
344 471 493 532 biennium
514 471 672 544 fefellerat,
694 473 804 535 Romae
826 473 988 554 deprensus
1002 487 1123 556 prae-e

137 559 263 637 cisisque
278 554 414 616 manibus
428 555 577 626 dimissus,
601 562 630 616 et
651 557 729 616 servi
748 559 877 637 quinque
893 566 921 619 et
942 561 1044 638 viginti
1059 561 1090 621 in

136 659 255 703 crucem
270 641 343 710 acti,
364 638 443 718 quod
466 639 497 699 in
518 657 622 719 campo
636 640 739 701 Martio
755 642 974 711 coniurassent;
999 644 1089 707 indici
1111 681 1112 684 =

136 725 203 786 data
223 723 343 784 libertas
365 729 395 782 et
420 723 496 783 aeris
516 724 613 800 gravis
634 716 736 802 viginti
763 724 850 787 milia.
889 725 979 804 legali
997 733 1027 788 et
1054 723 1123 789 ada

135 806 302 888 Philippum
316 805 507 868 Macedonum
524 823 623 884 regem
640 808 723 868 missi
743 808 780 868 ad
798 808 1017 888 deposcendum
1032 810 1088 872 lle·

135 893 274 953 mettium
295 890 447 959 Pharium,
471 890 521 970 qui
540 888 617 951 bello
638 891 729 952 uictus
751 891 873 954 adeum
894 891 1031 972 fugisset,
1057 900 1116 954 ete

135 975 185 1036 alii
200 977 231 1036 in
250 975 373 1052 Ligures
393 973 428 1034 ad
451 972 710 1053 expostulandum,
734 975 812 1056 quod
830 976 962 1037 Poenum
986 977 1090 1057 opibus

135 1058 307 1138 auxiliisque
326 1060 386 1118 sois
408 1057 565 1127 iuvissent,
583 1057 671 1119 simul
692 1059 727 1118 ad
748 1059 898 1120 visendum
920 1079 954 1121 ex
969 1063 1090 1141 propin·

134 1161 207 1226 quo,
228 1160 303 1223 quae
323 1141 354 1202 in
370 1141 440 1202 Bois
460 1148 547 1222 atque
570 1141 741 1204 Insubribus
765 1152 948 1221 gererentur.
988 1145 1023 1204 ad
1044 1145 1118 1204 Pio

133 1245 222 1288 neum
242 1243 359 1307 quoque
386 1243 487 1304 regem
514 1227 546 1284 in
571 1224 684 1304 illyrios
705 1224 793 1304 legati
816 1229 897 1290 missi
920 1226 957 1287 ad
980 1229 1090 1306 slipen·

134 1311 229 1381 dium,
246 1311 328 1370 cuius
344 1309 406 1370 dies
423 1309 546 1380 exierat,
560 1309 740 1388 poscendum
753 1319 815 1380 aut,
831 1311 855 1369 si
867 1310 943 1370 diem
956 1309 1091 1390 prolerre

133 1392 235 1464 vellet,
263 1390 380 1454 obsides
404 1393 599 1472 accipiendos.
644 1393 732 1465 adeo,
765 1394 819 1452 etsi
849 1391 958 1453 bobum
988 1394 1119 1471 ingemo

133 1479 165 1538 in
179 1476 341 1538 cervicibus
363 1486 440 1548 erat,
458 1475 566 1539 nullius
579 1495 703 1558 usquam
720 1485 866 1538 terrarum
887 1477 932 1536 rei
946 1493 1017 1536 cura
1033 1476 1091 1536 Ro·

134 1577 251 1632 manos,
273 1578 310 1620 ne
332 1559 491 1640 longinqua
510 1561 641 1640 quidem,
666 1558 831 1639 effugiebat.
873 1561 904 1620 in
919 1558 1119 1638 religionemr

134 1645 221 1706 etiam
237 1645 316 1705 venit
331 1645 432 1705 aedem
446 1645 641 1714 Concordiae,
659 1663 747 1725 quam
761 1661 815 1723 per
826 1643 1001 1705 seditionem
1013 1643 1091 1703 mili·

134 1736 225 1788 tarem
245 1727 364 1789 biennio
389 1735 455 1789 ante
473 1729 505 1790 L.
522 1728 645 1790 llaniius
667 1736 786 1809 praetor
806 1729 837 1787 in
852 1727 942 1789 Gallia
960 1728 1089 1797 vovisset,

133 1812 257 1873 locatam
287 1811 322 1871 ad
353 1812 384 1872 id
414 1819 529 1892 tempus
556 1830 615 1872 non
648 1830 726 1874 essa:
760 1813 857 1890 itaque
885 1809 1030 1877 duumviri
1056 1810 1091 1870 ad
1103 1818 1128 1867 82

134 1913 198 1955 eam
223 1913 286 1956 rem
311 1896 440 1956 creatio
465 1896 503 1956 ll.
525 1894 648 1958 Aemilio
675 1900 812 1974 praetore
838 1895 903 1955 urb.
926 1894 957 1954 C.
983 1894 1092 1972 Pupius

134 1986 163 2038 et
184 1979 274 2040 Caeso
296 1978 448 2050 Quinctius
471 1977 653 2040 Flamininus
679 1977 780 2038 aedem
800 1977 830 2036 in
845 1993 913 2036 aree
929 1976 1091 2036 laciemlarn

133 2062 311 2124 locaverunt.

196 2145 240 2206 Ab
261 2145 365 2206 eodem
392 2151 529 2224 praetore
553 2161 590 2204 ex
613 2140 886 2204 senatusconsulto
913 2140 1028 2204 litterae
1055 2145 1123 2206 adu

134 2227 270 2288 consules
284 2229 405 2297 missae,
424 2233 471 2297 ut,
487 2226 511 2284 si
527 2226 563 2286 iis
577 2224 743 2297 videretur,
759 2225 833 2286 alter
849 2244 951 2287 eorum
968 2226 1005 2286 ad
1021 2245 1091 2288 con·

134 2309 212 2370 sales
231 2308 374 2370 creandos
396 2309 518 2370 Romam
537 2310 667 2370 veniret:
693 2328 725 2370 se
748 2311 778 2370 in
800 2327 864 2370 eam
886 2308 980 2380 diem,
1004 2329 1091 2390 quam

86 2439 88 2442 -
133 2395 299 2461 iussissent,
324 2393 440 2454 comitia
458 2393 632 2454 edicturum.
667 2392 704 2454 ad
722 2394 795 2454 baec
814 2410 834 2454 a
855 2392 1023 2455 considibus
1040 2403 1133 2455 re-10

134 2479 290 2557 scriptum,
306 2477 370 2538 sine
388 2477 563 2538 detrimento
577 2478 622 2538 rei
643 2476 777 2557 publicae
793 2477 912 2538 abscedi
928 2494 988 2537 non
1003 2496 1089 2556 posse

134 2561 171 2622 ab
194 2561 294 2632 hosto;
325 2561 423 2642 itaque
446 2578 500 2641 per
519 2563 700 2640 interregem
727 2562 844 2623 comitia
866 2559 1001 2622 habenda
1025 2579 1089 2623 esso

134 2647 247 2726 potius,
269 2664 356 2725 quam
376 2644 478 2706 consul
499 2644 572 2706 alter
593 2665 609 2708 a
633 2644 710 2712 bello
731 2651 912 2708 avocaretur.
952 2645 1087 2724 patribus
1100 2653 1130 2704 ll

135 2730 243 2791 rectius
264 2730 357 2790 visum
379 2736 424 2792 est
444 2729 617 2793 dictatorem
641 2748 658 2789 a
683 2727 803 2790 consula
825 2728 882 2789 dici
903 2730 1089 2790 comitiorum

134 2812 337 2875 habendorum
353 2831 449 2875 causa.
479 2813 573 2876 dictus
588 2815 621 2875 L.
636 2812 773 2874 Veturius
788 2811 882 2876 Philo.
912 2813 950 2874 M.
963 2813 1089 2894 Pompo·

133 2899 215 2958 nium
230 2897 398 2960 blathonem
409 2899 581 2978 magistrum
593 2899 722 2978 equitum
738 2897 819 2959 dixit
847 2898 883 2958 iis
897 2897 966 2958 uitio
981 2899 1087 2958 creatis
1100 2904 1131 2954 12

133 2982 277 3060 iussisque
297 2982 344 3042 die
365 2989 469 3063 quarto
492 2981 605 3049 decimo
626 3001 658 3042 se
678 2983 850 3060 magistratu
866 2980 1018 3050 abdicare,
1040 2997 1090 3040 res

134 3063 171 3124 ad
186 3064 389 3142 interregnum
403 3064 500 3126 rediit.
517 3062 646 3125 XXXIV.
665 3065 840 3126 Consulibus
853 3070 1045 3141 prorogatum
1059 3063 1090 3122 in
1102 3070 1115 3119 1

134 3164 243 3208 annmn
265 3147 431 3226 Imperium.
466 3149 631 3226 interreges
649 3146 757 3226 proditi
777 3153 845 3207 sunt
865 3163 882 3205 a
903 3145 1035 3224 patribus
1056 3146 1088 3206 C.

135 3229 271 3292 Claudius
291 3231 367 3310 Appi
385 3229 461 3290 lilius
482 3231 588 3301 Cento,
611 3231 680 3292 inde
694 3231 727 3291 P.
750 3227 905 3292 Cornelius
925 3229 1022 3289 belna.
1059 3228 1090 3289 in

134 3317 197 3376 eius
215 3315 387 3392 interregno
410 3315 527 3376 comitia
550 3313 649 3375 habita
671 3331 778 3392 magno
794 3313 954 3374 certamine
970 3319 1087 3389 patrum

133 3397 278 3479 aeplebis.
306 3397 337 3460 C.
345 3398 484 3459 Terentio
496 3398 630 3469 Varroni,
641 3416 729 3477 quem
740 3397 786 3459 sui
798 3398 915 3475 generis
927 3396 1117 3466 bomineme

133 3481 213 3562 plebi
227 3483 419 3544 insectatione
436 3483 603 3564 principum
624 3481 873 3563 popularibusque
891 3479 1004 3542 arthus
1018 3497 1088 3541 con·

837 3567 899 3630 19*
