2532 3938
322 229 482 274 umanum.
499 228 567 272 oar.
585 217 625 265 12.
645 216 683 267 13.
701 207 788 288 [10.
803 216 863 270 319.
878 208 941 292 ³58]
1073 217 1111 278 13

155 379 335 460 aliquantum
343 378 482 439 Gallicam
496 377 636 437 ferociam
643 377 782 446 vinceret,
798 375 934 440 dictatori
941 396 997 438 neu
1004 380 1110 457 tiquam
1122 384 1152 438 11

154 463 297 544 placebat,
313 463 431 541 quando
447 460 526 522 nulla
537 467 658 538 cogeret
671 478 729 531 res,
741 461 876 522 fortunae
890 480 922 524 se
938 464 1111 524 commitere

155 547 294 612 adversus
310 546 437 616 hostem,
454 564 541 624 quem
556 552 672 623 tempus
683 543 861 605 deteriorem
876 547 907 605 in
924 546 987 606 dies
998 553 1028 606 et
1039 544 1112 606 locis

153 631 259 692 alicnis
276 629 387 691 iaceret
400 631 463 689 sine
479 637 652 708 praeparato
668 637 846 699 commeatu,
868 631 932 690 sine
946 629 1111 690 1111111111-

155 717 287 776 nimentc
299 723 471 782 morantem,
488 713 523 775 ad
536 712 592 773 boc
605 714 642 773 iis
656 711 830 791 corporibus
844 714 1022 791 animisque,
1039 731 1111 792 quo·

155 817 223 859 rum
237 799 334 858 omnis
346 798 378 856 ln
395 799 508 877 impetu
526 798 567 857 uis
582 804 667 868 esset,
686 815 774 874 parva
786 795 888 858 eadem
905 794 1112 874 languesceret

156 899 249 942 mora.
273 879 320 941 lris
337 880 465 940 consiliis
488 881 612 942 dictator
628 878 739 942 bellum
760 880 908 952 trahebat,
932 886 1154 959 gravemquett

157 964 288 1026 edixerat
306 982 445 1044 poenam,
466 965 491 1026 si
513 965 578 1042 quis
605 965 718 1026 iuiussu
744 965 775 1024 in
799 965 913 1026 hostem
941 971 1110 1043 pugnasset.

155 1047 262 1109 milites
277 1065 365 1126 aegre
380 1049 410 1108 id
425 1050 571 1127 patientes
585 1049 681 1126 primo
702 1050 732 1108 in
753 1049 926 1113 stationibus
946 1046 1111 1126 vigiliisque

154 1133 233 1193 inter
246 1151 277 1192 se
294 1132 465 1192 dictatorern
481 1130 668 1193 sermonibus
682 1149 819 1210 carpere,
841 1133 991 1193 interdum
1011 1139 1111 1211 patres

155 1218 350 1276 communiter
367 1217 536 1292 increpare,
562 1215 640 1294 quod
655 1233 715 1274 non
731 1216 884 1276 iussissent
900 1234 955 1295 per
974 1214 1111 1276 consules

155 1301 219 1378 geri
233 1299 359 1359 bellum:
375 1296 500 1357 electum
516 1314 580 1356 esse
597 1299 735 1358 eximium
747 1299 970 1376 imperatorem,
988 1299 1108 1359 unicum
1121 1303 1152 1354 13

156 1383 276 1451 ducem,
300 1383 350 1459 qui
367 1378 441 1440 nihil
458 1381 556 1456 agenti
576 1378 632 1438 sibi
647 1380 683 1440 dc
705 1379 785 1441 caelo
805 1379 1003 1441 devolaturam
1023 1383 1055 1440 in
1070 1382 1109 1442 si·

155 1484 226 1527 num
241 1465 394 1524 victoriam
410 1470 537 1523 censeat.
573 1462 676 1524 cadem
688 1463 794 1523 deinde
809 1464 882 1524 haec
897 1463 1026 1524 interdiu
1041 1482 1110 1543 pro-

154 1549 251 1628 palam
267 1565 301 1610 11
316 1547 462 1609 ferociora
477 1547 523 1606 bis
537 1548 662 1608 iactare:
680 1565 712 1607 se
727 1549 840 1609 iniussn
857 1549 1045 1627 imperatoris
1061 1555 1111 1608 aut

109 1699 111 1702 ,
155 1635 344 1693 dimicatmos
359 1639 409 1692 aut
425 1633 542 1709 agmine
556 1630 679 1692 Romam
692 1633 795 1694 ituros.
828 1632 1038 1711 inmiscerique
1052 1633 1110 1692 iarn
1120 1638 1153 1690 11

154 1715 294 1777 militibus
312 1717 514 1785 centuriones,
537 1734 592 1776 neo
606 1717 637 1776 in
653 1715 771 1777 circulis
784 1716 872 1778 modo
889 1717 1030 1787 lremerc,
1058 1715 1109 1775 sed

154 1802 211 1861 iarn
231 1802 261 1858 in
276 1801 430 1880 principiis
444 1817 477 1860 ac
491 1802 639 1879 praetorio
650 1802 682 1860 in
696 1819 787 1861 unum
803 1817 955 1861 sermones
970 1799 1112 1860 conlundi

155 1891 241 1962 atquc
257 1885 287 1943 in
307 1885 452 1943 contionis
475 1883 706 1962 magnitudinem
725 1902 860 1945 crescere
880 1883 966 1945 turba
986 1885 1110 1945 111111·

154 1967 252 2026 111111
267 1985 303 2027 ex
314 1966 449 2027 omnibus
463 1966 549 2037 lacis,
563 1975 596 2028 ut
607 1967 753 2047 extemplo
768 1968 804 2030 ad
817 1968 989 2028 dictatorcm
1007 1970 1109 2037 iretur,

154 2049 242 2110 verba
249 2068 304 2130 pro
312 2051 443 2111 exercitu
451 2050 757 2122 iacerotSex.Tullius,
766 2053 911 2113 utvirtutc
919 2051 1110 2128 eiusdignum

155 2141 241 2194 esset.
284 2134 360 2195 lilii.
388 2135 550 2212 Septimum
566 2136 694 2212 primurn
710 2135 802 2214 pilum
819 2137 878 2196 iam
892 2134 1005 2195 Tullius
1021 2135 1109 2195 duce·
1126 2140 1139 2190 1

155 2217 213 2288 bat,
229 2236 325 2297 neque
336 2224 401 2278 erat
414 2219 444 2275 in
454 2218 594 2286 exercitu,
610 2220 659 2296 qui
674 2218 793 2296 quidem
807 2218 969 2297 pedestrias
979 2218 1109 2298 tipendia

155 2301 285 2369 lecisset,
301 2303 345 2359 vir
360 2300 444 2360 lactis
459 2297 596 2359 nobilior.
628 2302 654 2359 is
668 2300 850 2379 praecedens
862 2301 988 2362 militum
1004 2319 1109 2379 agmen
1125 2309 1140 2357 2

156 2383 190 2446 ad
206 2382 334 2446 tribunal
348 2384 446 2462 pergit
460 2384 636 2462 mirantique
654 2382 783 2462 Sulpicio
800 2402 860 2444 non
883 2384 999 2446 turbam
1017 2386 1110 2466 magis

156 2487 241 2546 qnam
261 2467 365 2529 turbae
387 2467 551 2546 principem
575 2466 717 2538 Tullium,
740 2469 873 2547 imperiis
887 2468 1109 2530 oboedientissi-

155 2569 235 2612 mum
249 2550 386 2612 militem:
402 2549 548 2623 „scilicet
568 2550 693 2612 dictator
700 2559 718 2583 ‘⁴
732 2552 841 2631 lnquit,
858 2551 1108 2623 „condemnatum
1124 2557 1140 2610 3

155 2653 187 2696 11
197 2637 350 2696 universus
359 2637 506 2695 exercitus
522 2642 582 2695 aaa
596 2636 727 2713 ignaviae
738 2643 819 2696 ratus
834 2644 863 2697 et
877 2653 970 2715 prope
983 2637 1108 2714 ignomi-

156 2720 220 2780 niae
236 2737 322 2780 causa
341 2718 511 2780 destitutum
526 2719 590 2778 siue
605 2721 695 2780 armis
709 2720 802 2780 or'avlt
818 2738 878 2791 me,
894 2728 927 2781 ut
940 2737 1023 2780 suam
1041 2737 1108 2782 cau·

155 2819 217 2864 sam
238 2803 313 2883 apud
335 2810 363 2863 te
389 2820 518 2881 agerem.
554 2803 703 2880 equidem,
726 2802 818 2864 sicubi
842 2803 907 2864 loco
930 2822 1059 2876 cessum,
1084 2804 1141 2865 sit

156 2893 238 2964 terga
254 2887 319 2948 data
333 2887 428 2955 hosti,
442 2887 468 2946 si
478 2886 561 2963 signa
572 2887 657 2947 foede
669 2889 774 2948 amissa
790 2887 867 2949 obici
880 2888 965 2949 nobis
979 2896 1107 2969 possent,
1156 2930 1165 2952 .

156 2976 253 3029 tamen
269 2969 325 3030 lroc
342 2990 358 3031 a
373 2978 402 3031 te
416 2971 569 3048 impetrari
587 2989 711 3050 aequum
727 2990 898 3042 censerem,
922 2982 955 3033 ut
975 2991 1029 3033 nos
1050 2975 1108 3032 vir·

158 3058 219 3111 tute
230 3053 344 3131 culpam
356 3061 484 3114 nostram
499 3057 648 3133 corrigere
660 3064 689 3114 11
696 3055 813 3116 abolere
825 3057 925 3134 flagitii
937 3056 1108 3116 memoriam

158 3152 231 3195 nova
246 3135 338 3213 gloria
353 3139 503 3215 patereris.
535 3141 622 3200 etiarn
638 3137 673 3198 ad
688 3140 780 3201 Aliam
797 3138 878 3200 lusae
893 3139 1024 3216 legiones
1039 3156 1108 3198 ean·
1123 3141 1140 3193 b

158 3218 240 3289 dem,
260 3237 346 3298 qnam
370 3238 424 3298 per
445 3239 581 3299 pavorem
605 3225 777 3290 amiserant,
807 3224 930 3307 patriam
959 3221 1108 3299 proiectae

156 3309 257 3382 postca
271 3323 286 3364 a
301 3304 378 3363 Veiis
393 3305 499 3364 virtute
514 3323 737 3384 rccrrperavere.
767 3305 853 3366 nobis
873 3305 959 3365 deum
975 3304 1108 3382 benigni·

156 3393 233 3458 tate,
248 3387 386 3449 felicitate
402 3394 452 3448 tua
472 3388 631 3467 populique
652 3388 776 3448 Romani
796 3397 826 3448 et
844 3406 893 3448 res
911 3398 940 3449 et
956 3387 1049 3467 gloria
1065 3397 1110 3450 est

156 3471 279 3550 integra.
311 3489 486 3550 quamquam
502 3471 538 3531 de
555 3471 647 3550 gloria
664 3472 710 3531 vix
727 3471 825 3532 dicere
845 3473 950 3542 ausim,
969 3473 995 3532 si
1009 3489 1063 3532 nos
1079 3474 1138 3531 111
