2546 3936
211 181 255 248 98
418 195 512 238 nmen
525 197 568 238 rx.
585 194 654 238 ose.
669 181 696 238 5.
708 181 735 236 6.
752 173 792 258 [e.
807 195 838 238 u.
854 197 880 238 e.
895 172 958 257 433]

213 344 293 405 enlm
309 349 358 404 'aut
372 343 564 426 sponsoribus
585 344 617 402 in
630 341 750 404 loedere
766 359 841 422 opus
856 350 933 405 esset
948 349 998 404 aut
1012 341 1172 416 obsidibus,

211 427 264 489 ubi
274 430 444 507 precatione
456 447 506 489 res
518 427 704 504 transigitur,
721 443 871 506 perquem
883 426 1025 506 populum
1034 427 1099 497 dat,
1115 446 1173 507 quo

212 513 311 573 minus
328 512 442 591 legibus
462 513 548 572 dictis
569 516 678 579 stetur,
704 517 738 571 ut
763 528 829 570 eum
856 512 897 571 ita
916 510 1047 590 luppiter
1075 511 1170 582 ierint,
1251 515 1252 580 ξ

182 595 460 676 4qr1emadmodum
472 591 645 655 aletialihus
660 611 769 670 porcus
784 594 916 656 feriatur.
948 594 1172 674 spoponderunt
1251 611 1252 624 ¹

212 679 363 749 consules,
378 679 483 757 legati,
499 683 687 757 quaestores,
705 675 816 737 tribuni
831 677 970 746 militum,
992 679 1171 758 nominaque
1251 681 1252 746 Ξ

212 765 360 832 omnium,
388 765 438 842 qui
457 759 693 841 spoponderunt,
721 767 834 830 extant,
855 760 921 829 ubi,
949 761 974 820 si
994 779 1031 821 ex
1051 761 1172 821 loedere
1251 751 1252 784 ¹

212 854 278 907 aeta
297 864 347 907 res
365 852 458 916 esset,
480 851 686 923 praeterquam
709 842 834 904 duorum
853 843 996 904 fetialium
1015 863 1077 904 non
1092 852 1172 904 exta-

183 936 294 999 brent;
317 937 347 989 et
368 935 492 1007 propter
507 927 703 986 necessariam
719 927 847 988 foederis
869 927 1039 988 dilationem
1055 927 1173 988 obsides

214 1014 303 1073 etiam
316 1013 443 1072 sescenti
454 1012 566 1090 equites
577 1011 727 1089 imperati,
740 1011 791 1090 qui
802 1012 897 1089 capite
908 1010 1038 1081 luerent,
1050 1013 1075 1070 si
1086 1019 1173 1089 pacto

181 1103 274 1157 onon
293 1103 429 1156 staretur.
466 1102 583 1173 tempus
600 1093 670 1154 inde
690 1101 830 1156 statutum
848 1094 1000 1155 tradendis
1020 1094 1173 1155 obsidibus

213 1179 402 1258 exercituque
416 1179 524 1238 inermi
538 1177 690 1239 mittendo.
718 1177 930 1256 redintegravit
951 1178 1062 1238 luctum
1076 1179 1108 1238 in
1123 1195 1173 1237 ca-

213 1263 282 1323 stris
297 1262 449 1323 consulum
464 1262 619 1332 adventus,
641 1262 735 1322 utrix
754 1260 790 1323 ab
806 1262 842 1321 iis
858 1260 1040 1322 abstinerent
1057 1279 1173 1332 manus,

183 1355 339 1427 'lquorum
352 1348 518 1407 temeritate
532 1347 564 1404 in
580 1364 647 1406 eum
661 1344 759 1406 locum
776 1342 894 1404 deducti
909 1351 1023 1412 essent,
1045 1363 1173 1423 quorum

210 1431 324 1508 ignavia
336 1430 451 1491 foedius
462 1429 547 1501 inde,
564 1447 651 1508 quam
662 1430 824 1497 venissent,
840 1427 960 1488 abituri:
975 1427 1105 1488 illistron
1118 1428 1173 1488 du·

212 1531 278 1574 cem
298 1511 445 1583 locorum,
468 1531 528 1573 non
551 1511 766 1590 exploratorem
787 1511 891 1580 luisse3
913 1509 1068 1577 beluarum
1082 1511 1173 1572 modo

184 1602 319 1656 8caecos
339 1597 371 1654 in
391 1596 505 1654 loveam
526 1593 633 1671 lapsos.
671 1593 720 1654 alii
740 1594 812 1655 alios
832 1596 956 1664 intueri;
978 1594 1174 1672 contemplari

212 1696 294 1740 arma
306 1697 375 1737 mox
390 1677 532 1738 tradenda
546 1685 576 1736 et
588 1679 716 1737 inermes
730 1679 844 1739 suturas
856 1677 972 1738 dextras
986 1677 1173 1758 obnoxiaque

213 1779 338 1840 corpora
351 1760 445 1831 hosti;
469 1777 637 1840 proponere
651 1760 768 1821 sibimet
788 1762 844 1840 ipsi
862 1769 930 1822 ante
949 1761 1050 1822 oculos
1069 1763 1173 1840 iugum

212 1844 320 1905 hostile
343 1851 372 1905 et
395 1843 522 1905 ludibria
542 1845 660 1905 victoris
675 1852 705 1904 et
722 1844 819 1906 vultus
839 1843 983 1923 superbos
999 1852 1029 1905 ct
1048 1862 1103 1923 per
1123 1862 1172 1904 ar·

183 1934 201 1986 o
213 1935 307 1990 maios
318 1929 475 1988 inermium
490 1929 563 1998 iter,
578 1927 647 1988 inde
657 1928 736 1988 foedi
748 1929 872 2006 agminis
883 1927 1082 1988 miserabilem
1094 1929 1172 1990 viam

212 2031 267 2090 per
284 2013 432 2072 sociorum
442 2009 546 2082 urbes,
564 2009 692 2072 reditum
706 2012 737 2071 in
751 2014 877 2090 patriam
890 2011 926 2072 ad
944 2020 1096 2090 parentes,
1111 2029 1171 2090 quo

156 2101 203 2155 '10
214 2113 301 2173 saepe
321 2096 377 2174 ipsi
398 2095 581 2173 maioresque
597 2111 700 2156 eorum
720 2096 935 2173 triumphantes
949 2097 1106 2156 venissent
1136 2113 1173 2155 se

212 2177 292 2238 solos
313 2179 376 2238 sine
389 2177 525 2249 vulnere,
547 2179 612 2238 sine
633 2178 730 2248 icrro,
755 2179 817 2240 sinc
833 2181 894 2239 acie
909 2181 1016 2247 victos;
1038 2178 1172 2239 sibinen

211 2264 357 2340 stringere
370 2261 486 2322 licuisse
498 2261 625 2339 gladios,
638 2281 699 2323 non
709 2279 828 2323 manum
842 2281 908 2322 cum
919 2261 1004 2322 hoste
1016 2261 1171 2331 conferre3

168 2351 201 2402 11
214 2345 270 2405 sibi
285 2346 462 2425 nequiquam
475 2347 588 2406 animos
605 2345 697 2407 datos.
730 2345 804 2405 hacc
818 2345 1012 2406 frementibus
1032 2345 1106 2405 hora
1126 2346 1171 2406 ia·

211 2428 278 2490 talis
295 2431 473 2506 ignominiae
489 2428 620 2499 advenit,
644 2429 743 2489 omnia
760 2431 890 2490 tristiora
906 2429 1089 2508 experiundo
1109 2428 1172 2488 iac·

210 2520 291 2582 tura,
311 2531 398 2592 quam
414 2530 488 2590 qnae
503 2519 716 2590 praeceperant
731 2513 846 2573 animis.

167 2603 202 2654 12
274 2595 335 2655 lam
354 2596 482 2673 primum
503 2613 570 2655 cum
592 2592 713 2672 singulis
733 2597 915 2656 vestimentis
934 2597 1065 2656 inermes
1086 2602 1173 2656 extra

210 2678 318 2738 vallum
333 2680 413 2738 exdre
427 2679 515 2747 iussi,
532 2685 561 2738 et
575 2680 665 2756 primi
679 2678 779 2738 traditi
794 2678 911 2738 obsides
926 2687 1013 2757 atque
1029 2681 1059 2738 in
1071 2686 1172 2740 custo·

170 2766 202 2818 ta
214 2759 291 2818 diam
306 2759 437 2829 abducti,
460 2770 522 2820 turn
538 2779 554 2819 a
569 2759 738 2820 constdibus
754 2760 835 2822 abire
853 2761 974 2822 lictores
993 2763 1064 2823 iussi
1086 2761 1172 2841 palu-

212 2842 404 2919 damentaque
418 2841 562 2902 detracta:
575 2849 685 2902 tantam
696 2844 730 2903 id
739 2844 818 2904 inter
829 2845 917 2922 ipsos,
931 2847 980 2924 qul
992 2845 1089 2923 paullo
1102 2854 1172 2906 ante

212 2943 263 2985 cos
277 2933 449 2984 execrantes
464 2921 614 2983 dedendos
628 2923 858 3004 lacerandosque
873 2937 1065 2999 censuerant,
1081 2931 1171 2990 mise·

72 2999 78 3009 ‘
169 3018 202 3069 14
212 3010 356 3069 rationem
372 3008 455 3078 lecit,
474 3009 507 3068 ut
522 3025 592 3068 suae
609 3008 732 3087 quisque
747 3011 928 3071 condicionis
946 3011 1053 3071 oblitus
1068 3011 1105 3072 ab
1119 3011 1172 3074 illa
1251 3053 1252 3064 ,

211 3093 424 3154 deformatione
438 3099 535 3153 tantm
549 3093 708 3152 maiestatis
721 3091 797 3154 velut
812 3094 849 3154 ab
861 3095 989 3155 uelando
1000 3095 1172 3172 spectaculo
1251 3089 1252 3092 ’

184 3183 199 3236 1
211 3185 356 3236 averteret
368 3175 477 3236 oculos.
520 3175 567 3238 v1.
600 3176 691 3236 Primi
703 3176 838 3237 consules
849 3197 941 3258 prope
953 3178 1100 3239 seminudi
1113 3179 1172 3239 sub

210 3261 311 3337 iugum
330 3260 427 3329 missi,
447 3267 510 3320 tum
530 3267 564 3320 ut
584 3260 707 3338 quisque
729 3260 822 3338 gradu
841 3279 1001 3339 proxumus
1023 3268 1101 3331 erat,
1129 3265 1174 3324 ita

182 3343 391 3418 nignominiae
407 3341 555 3413 oblectus,
570 3350 632 3403 tum
647 3343 787 3421 deinceps
798 3345 930 3422 singulae
944 3345 1083 3422 legiones
1110 3347 1174 3406 cir·

212 3425 396 3486 cumstabaut
411 3427 516 3486 armati
529 3425 630 3487 hostes
642 3425 853 3506 exprobrantes
865 3427 1088 3508 eludentesque;
1105 3428 1175 3508 gla-
