2538 3946
232 200 297 262 208
544 207 638 251 urnas
652 207 716 249 m.
733 205 801 250 oar.
816 193 843 246 4.
858 191 885 245 t.

235 363 375 443 princeps
391 361 422 420 in
436 355 582 438 proelium
596 354 671 427 ibat,
687 353 807 416 ultimus
821 358 957 414 conserto
975 349 1104 431 proelio
1130 369 1217 412 exce·

205 453 225 503 a
238 444 335 505 debat.
365 444 418 504 has
427 450 523 502 tantas
534 441 590 502 viri
601 441 722 501 virtutes
735 439 866 516 ingentia
876 438 944 497 vitia
955 434 1165 516 aequabant:
1179 437 1215 494 ir·

238 535 367 590 humana
384 525 556 595 crudelitas,
572 524 695 604 pertidia
708 520 775 602 plus
789 539 878 602 quam
888 520 1017 589 Punica,
1035 517 1129 580 nihil
1147 522 1208 578 veri

237 611 311 672 nihil
337 612 444 680 sancti,
468 607 566 669 nullus
587 607 674 667 deum
696 613 805 675 metus,
825 603 938 666 nullum
957 605 1003 664 ius
1024 602 1209 668 iurandum.

197 701 229 753 10
239 695 319 756 nulla
341 693 455 772 religio.
495 710 566 752 cum
588 691 645 751 hac
668 686 767 750 indole
786 689 925 749 virtutum
946 694 1034 768 atque
1059 688 1208 747 vitiorum

237 779 365 839 triennio
376 777 431 838 sub
442 772 625 837 Hasdrubale
639 775 818 852 imperatore
832 773 942 834 meruit
956 771 1035 832 nulla
1050 787 1109 842 re,
1138 789 1206 848 quas

237 862 351 940 agenda
362 860 546 939 videndaque
559 876 667 936 magno
681 858 780 918 tuturo
793 854 861 917 duci
871 862 962 927 esset,
977 855 1203 935 praetermissa.

210 951 225 1002 1
299 947 332 1006 V.
364 945 502 1006 Ceterum
517 961 553 1003 ex
568 959 625 1021 quo
641 941 688 1001 die
700 941 759 1001 dux
776 946 821 1001 est
831 938 1009 1010 declaratus,
1024 937 1115 999 velut
1126 937 1201 998 Itali

237 1029 265 1088 ei
276 1028 427 1108 provincia
438 1026 556 1089 decreta
569 1023 736 1105 bellumque
748 1024 912 1084 Romanum
928 1023 1104 1084 mandatum
1120 1031 1199 1090 esset

207 1111 311 1170 anihil
324 1105 530 1189 prolatahdum
544 1114 640 1180 ratus,
655 1127 693 1170 ne
709 1126 740 1168 sc
757 1126 891 1187 quoque,
907 1114 940 1169 ut
953 1113 1071 1186 patrem
1089 1105 1200 1166 Hamil·

239 1211 354 1264 cerem,
371 1193 478 1253 deinde
488 1191 716 1263 Hasdrubalem,
731 1198 917 1252 cunctantem
929 1207 1014 1251 casus
1027 1188 1143 1270 aliquis
1155 1209 1198 1268 op·

207 1282 226 1333 3
236 1278 393 1357 primeret,
418 1277 587 1354 Saguntinis
610 1277 722 1336 inferre
741 1274 852 1335 bellum
872 1275 982 1335 statuit.
1018 1273 1132 1353 quibus
1153 1292 1197 1350 op·

236 1359 403 1440 pugnandis
417 1361 485 1439 quia
500 1360 578 1420 haud
593 1358 681 1420 dubie
695 1359 827 1419 Romana
841 1377 923 1420 arma
936 1357 1151 1426 movebantur,
1172 1360 1196 1416 ir

236 1443 379 1505 Olcadum
398 1445 481 1524 prius
501 1445 574 1504 lines
591 1477 627 1488 -
643 1442 720 1504 ultra
741 1441 883 1502 Iliberum
904 1460 936 1502 ea
960 1459 1033 1520 gens
1054 1442 1088 1500 in
1117 1448 1196 1519 parte

237 1529 331 1606 magis
352 1547 440 1607 quam
460 1529 492 1587 in
513 1526 628 1588 dicione
644 1527 928 1604 Carthaginiensium
949 1531 1069 1586 erat-
1082 1524 1195 1586 induxit

238 1613 414 1680 exercitum,
439 1617 553 1671 utnon
573 1612 682 1690 petisse
698 1610 890 1687 Saguntinos,
913 1609 965 1669 sed
986 1607 1087 1669 rerdm
1110 1607 1194 1676 serie,

237 1694 369 1753 finitimis
384 1693 503 1754 domitis
517 1693 667 1770 gentibus,
688 1684 895 1770 lungehdoque
909 1699 1021 1752 tractus
1035 1692 1071 1752 ad
1088 1691 1121 1752 id
1135 1690 1193 1751 bel·

208 1774 300 1836 alum
310 1775 404 1836 videri
414 1784 524 1854 posset
553 1774 699 1838 Cartalam
709 1775 815 1837 urbem
827 1774 994 1854 opulentam
1004 1822 1012 1846 ,
1024 1783 1111 1854 caput
1125 1793 1194 1852 gen·

237 1861 275 1919 tis
290 1861 367 1929 eius,
383 1867 531 1937 expugnat
545 1859 718 1939 diripimus:
736 1878 794 1938 quo
805 1866 886 1919 metu
901 1858 1056 1938 perculsae
1066 1861 1195 1920 minores
1217 1901 1218 1904 ,

211 2003 212 2012 ,
238 1942 368 2004 civitates
376 1943 522 2022 stipendio
530 1944 657 2022 inposito
669 1945 826 2022 imperium
833 1961 984 2022 accepere.
1006 1944 1098 2004 victor
1110 1961 1193 2003 exer·

1217 1927 1218 1954 1

207 2024 213 2080 2
237 2027 313 2086 citus
328 2025 542 2106 opulentusque
551 2028 668 2170 praeda
683 2027 889 2104 Carthaginem
907 2043 1013 2086 novam
1027 2029 1058 2085 in
1070 2026 1192 2086 hiberna
1215 2059 1217 2172 1

208 2116 284 2170 test
298 2107 449 2170 deductus.
490 2110 532 2170 ibi
563 2129 633 2190 erge
653 2109 809 2189 partiendo
829 2108 970 2188 praedam
991 2110 1191 2189 stipendioque

236 2180 398 2271 praetebito
414 2212 481 2254 cum
502 2194 559 2254 lide
580 2194 755 2255 exsolvendo
777 2194 890 2254 cunctis
910 2194 1017 2254 civium
1036 2194 1216 2326 sociorum-q

237 2293 296 2355 que
311 2278 417 2338 animis
430 2279 462 2338 in
478 2295 510 2339 se
526 2279 649 2340 muratis
664 2296 733 2339 vere
755 2279 853 2357 primo
868 2279 900 2337 in
912 2276 1057 2338 Vaccaeos
1074 2295 1189 2356 promo·

208 2365 300 2420 otum
324 2360 444 2422 bellum.
490 2361 687 2423 llermandica
715 2367 746 2421 et
765 2360 909 2422 Arbocala
930 2378 1032 2420 eorum
1053 2360 1138 2422 urbes
1162 2363 1186 2418 vi
1212 2333 1216 2406 d

237 2450 350 2521 captae.
382 2443 526 2506 Arbocala
548 2453 578 2505 et
597 2447 704 2505 virtute
724 2452 754 2504 et
774 2443 961 2505 multitudine
981 2444 1185 2523 oppidanorum

208 2526 289 2604 adiu
310 2526 440 2588 defensa.
480 2527 517 2589 ab
534 2529 730 2588 Ha'rmandica
750 2528 869 2606 profugi
890 2525 1024 2588 exulibus
1044 2527 1183 2596 Olcadum,

236 2611 337 2688 priore
347 2618 458 2672 aestate
470 2610 596 2671 domitae
611 2612 723 2688 gentis,
735 2629 801 2671 cum
814 2629 846 2672 se
858 2613 1035 2681 innuissent,
1047 2614 1184 2673 concitant

210 2701 228 2749 8
241 2693 433 2774 Carpetanos,
452 2693 605 2772 adortique
618 2691 813 2755 Hannibalem
828 2711 997 2773 regressum
1013 2713 1046 2755 er
1057 2695 1183 2756 Vaccaeis

238 2775 316 2836 haud
341 2774 446 2857 procul
466 2777 547 2854 Tago
575 2777 695 2838 flumine
714 2796 821 2856 agmen
849 2796 937 2857 grave
964 2779 1070 2857 praeda
1088 2779 1181 2839 turba·
1213 2803 1214 2817 *

206 2865 316 2920 urere.
351 2858 497 2919 llannihal
514 2859 628 2938 proelio
644 2861 798 2932 abstinuit,
816 2862 977 2940 castrisque
994 2881 1079 2942 super
1094 2864 1180 2942 ripam

237 2941 350 3020 positis,
359 2959 434 3039 pum
445 2944 541 3021 prima
551 2944 856 3029 quies-silentiumque
865 2942 902 3005 ab
914 2945 1046 3007 hostibus
1056 2946 1113 3016 fuit,
1124 2965 1180 3006 am·
1212 3007 1213 3032 ,

238 3041 307 3085 nem
327 3024 401 3086 vado
421 3028 551 3097 traiecit,
579 3025 713 3106 valloque
739 3029 779 3088 ita
798 3027 957 3107 producto,
986 3037 1020 3090 ut
1037 3029 1123 3090 locum
1146 3031 1178 3088 ad

237 3109 514 3188 transgrediendum
531 3110 632 3172 hostes
645 3109 806 3181 haberent,
821 3112 959 3173 invadere
974 3131 1025 3173 eos
1039 3121 1177 3174 transeun-

194 3199 228 3250 10
238 3199 284 3252 tes
304 3195 414 3254 statuit.
442 3193 587 3274 equitibus
601 3196 766 3273 praecepit,
782 3202 829 3264 ut,
846 3213 913 3258 cum
926 3199 1070 3275 ingressos
1083 3215 1174 3275 aquam
1211 3203 1212 3249 1

236 3275 378 3346 viderent,
392 3277 579 3338 adorirentur
590 3277 763 3354 impeditum
774 3297 888 3356 agmen,
904 3281 934 3340 in
945 3282 1010 3359 ripa
1023 3280 1175 3358 elephantos

197 3363 276 3412 11-
295 3360 487 3436 quadraginta
509 3368 605 3421 autem
627 3368 711 3420 erant
730 3395 773 3406 -
786 3363 923 3440 disponit.
962 3364 1172 3441 Carpetanorum
1210 3427 1211 3440 χ

239 3454 306 3496 cum
325 3441 536 3518 adpendicibus
551 3439 692 3503 Olcadum
707 3443 965 3525 Vaccaeorumque
981 3453 1088 3506 centum
1101 3446 1171 3506 milia
1210 3455 1211 3465 ¹
