<?xml version="1.0" encoding="UTF-8"?>
<!DOCTYPE html PUBLIC "-//W3C//DTD XHTML 1.0 Transitional//EN"
    "http://www.w3.org/TR/xhtml1/DTD/xhtml1-transitional.dtd">
<html xmlns="http://www.w3.org/1999/xhtml" xml:lang="en" lang="en">
 <head>
  <title>
</title>
<meta http-equiv="Content-Type" content="text/html;charset=utf-8" />
  <meta name='ocr-system' content='tesseract 3.04.00' />
  <meta name='ocr-capabilities' content='ocr_page ocr_carea ocr_par ocr_line ocrx_word'/>
</head>
<body>
  <div class='ocr_page' id='page_1' title='image "./aburbeconditali08livygoog_0388.png"; bbox 0 0 2538 3946; ppageno 0'>
   <div class='ocr_carea' id='block_1_1' title="bbox 195 117 1028 208">
    <p class='ocr_par' dir='ltr' id='par_1_1' title="bbox 195 117 1028 208">
     <span class='ocr_line' id='line_1_1' title="bbox 195 117 1028 208; baseline -0.014 -14"><span class='ocrx_word' id='word_1_1' title='bbox 195 133 259 196; x_wconf 77' lang='lat'>248</span> <span class='ocrx_word' id='word_1_2' title='bbox 375 117 751 190; x_wconf 60' lang='lat' dir='ltr'>annumerasse.</span> <span class='ocrx_word' id='word_1_3' title='bbox 772 123 977 208; x_wconf 64' lang='lat' dir='ltr'>[adesto]</span> <span class='ocrx_word' id='word_1_4' title='bbox 1022 151 1028 166; x_wconf 44' lang='lat' dir='ltr'>s</span> 
     </span>
    </p>
   </div>
   <div class='ocr_carea' id='block_1_2' title="bbox 159 285 1247 1795">
    <p class='ocr_par' dir='ltr' id='par_1_2' title="bbox 159 285 1247 1795">
     <span class='ocr_line' id='line_1_2' title="bbox 197 285 1247 373; baseline 0.001 -18"><span class='ocrx_word' id='word_1_5' title='bbox 197 295 322 355; x_wconf 89' lang='lat' dir='ltr'>duorum</span> <span class='ocrx_word' id='word_1_6' title='bbox 343 295 579 373; x_wconf 87' lang='lat' dir='ltr'>praepotentium</span> <span class='ocrx_word' id='word_1_7' title='bbox 601 293 777 372; x_wconf 89' lang='lat' dir='ltr'>populorum</span> <span class='ocrx_word' id='word_1_8' title='bbox 803 294 962 354; x_wconf 80' lang='lat' dir='ltr'>certamine</span> <span class='ocrx_word' id='word_1_9' title='bbox 983 310 1037 372; x_wconf 90' lang='lat' dir='ltr'>per</span> <span class='ocrx_word' id='word_1_10' title='bbox 1062 293 1171 354; x_wconf 89' lang='lat' dir='ltr'>ambi·</span> <span class='ocrx_word' id='word_1_11' title='bbox 1246 285 1247 356; x_wconf 54' lang='lat' dir='ltr'>l</span> 
     </span>
     <span class='ocr_line' id='line_1_3' title="bbox 200 377 1247 456; baseline 0 -18"><span class='ocrx_word' id='word_1_12' title='bbox 200 396 290 456; x_wconf 83' lang='lat' dir='ltr'>guum</span> <span class='ocrx_word' id='word_1_13' title='bbox 315 377 445 439; x_wconf 83' lang='lat' dir='ltr'>savorem</span> <span class='ocrx_word' id='word_1_14' title='bbox 470 377 548 438; x_wconf 87' lang='lat' dir='ltr'>haud</span> <span class='ocrx_word' id='word_1_15' title='bbox 575 377 662 438; x_wconf 90' lang='lat' dir='ltr'>dubie</span> <span class='ocrx_word' id='word_1_16' title='bbox 689 379 813 456; x_wconf 80' lang='lat' dir='ltr'>gratiam</span> <span class='ocrx_word' id='word_1_17' title='bbox 838 377 956 438; x_wconf 88' lang='lat' dir='ltr'>victoris</span> <span class='ocrx_word' id='word_1_18' title='bbox 980 384 1170 456; x_wconf 68' lang='lat' dir='ltr'><strong>spectantes.</strong></span> <span class='ocrx_word' id='word_1_19' title='bbox 1246 391 1247 452; x_wconf 68' lang='lat' dir='ltr'><strong>j</strong></span> 
     </span>
     <span class='ocr_line' id='line_1_4' title="bbox 159 459 1247 542; baseline 0.001 -23"><span class='ocrx_word' id='word_1_20' title='bbox 159 461 228 522; x_wconf 41' lang='lat' dir='ltr'>*aid</span> <span class='ocrx_word' id='word_1_21' title='bbox 243 461 380 532; x_wconf 85' lang='lat' dir='ltr'>llomani,</span> <span class='ocrx_word' id='word_1_22' title='bbox 402 460 490 522; x_wconf 92' lang='lat' dir='ltr'>modo</span> <span class='ocrx_word' id='word_1_23' title='bbox 505 479 543 521; x_wconf 90' lang='lat' dir='ltr'>ne</span> <span class='ocrx_word' id='word_1_24' title='bbox 559 461 628 542; x_wconf 91' lang='lat' dir='ltr'>quid</span> <span class='ocrx_word' id='word_1_25' title='bbox 642 467 810 532; x_wconf 83' lang='lat' dir='ltr'>moverent,</span> <span class='ocrx_word' id='word_1_26' title='bbox 828 478 920 542; x_wconf 91' lang='lat' dir='ltr'>aequo</span> <span class='ocrx_word' id='word_1_27' title='bbox 934 460 1022 530; x_wconf 81' lang='lat' dir='ltr'>saus,</span> <span class='ocrx_word' id='word_1_28' title='bbox 1038 459 1170 522; x_wconf 87' lang='lat' dir='ltr'>Poenus</span> <span class='ocrx_word' id='word_1_29' title='bbox 1246 475 1247 510; x_wconf 80' lang='lat'>1</span> 
     </span>
     <span class='ocr_line' id='line_1_5' title="bbox 196 543 1247 626; baseline -0.001 -21"><span class='ocrx_word' id='word_1_30' title='bbox 196 545 351 624; x_wconf 90' lang='lat' dir='ltr'>periniquo</span> <span class='ocrx_word' id='word_1_31' title='bbox 371 545 469 606; x_wconf 87' lang='lat' dir='ltr'>animo</span> <span class='ocrx_word' id='word_1_32' title='bbox 489 543 618 616; x_wconf 80' lang='lat' dir='ltr'>ferebat,</span> <span class='ocrx_word' id='word_1_33' title='bbox 639 545 676 604; x_wconf 91' lang='lat' dir='ltr'>ab</span> <span class='ocrx_word' id='word_1_34' title='bbox 693 544 783 606; x_wconf 87' lang='lat' dir='ltr'>Gallis</span> <span class='ocrx_word' id='word_1_35' title='bbox 798 545 923 606; x_wconf 87' lang='lat' dir='ltr'>accitum</span> <span class='ocrx_word' id='word_1_36' title='bbox 942 544 1107 606; x_wconf 81' lang='lat' dir='ltr'>sevenisse</span> <span class='ocrx_word' id='word_1_37' title='bbox 1123 544 1169 604; x_wconf 85' lang='lat' dir='ltr'>ad</span> <span class='ocrx_word' id='word_1_38' title='bbox 1246 563 1247 626; x_wconf 62' lang='lat'>3</span> 
     </span>
     <span class='ocr_line' id='line_1_6' title="bbox 165 625 1168 707; baseline 0.004 -21"><span class='ocrx_word' id='word_1_39' title='bbox 165 626 363 690; x_wconf 77' lang='lat' dir='ltr'>bliberaudos</span> <span class='ocrx_word' id='word_1_40' title='bbox 383 646 434 690; x_wconf 88' lang='lat' dir='ltr'>eos</span> <span class='ocrx_word' id='word_1_41' title='bbox 455 628 599 690; x_wconf 88' lang='lat' dir='ltr'>dictitans.</span> <span class='ocrx_word' id='word_1_42' title='bbox 633 627 751 689; x_wconf 90' lang='lat' dir='ltr'>obeam</span> <span class='ocrx_word' id='word_1_43' title='bbox 773 630 863 698; x_wconf 87' lang='lat' dir='ltr'>iram,</span> <span class='ocrx_word' id='word_1_44' title='bbox 889 625 976 688; x_wconf 89' lang='lat' dir='ltr'>simul</span> <span class='ocrx_word' id='word_1_45' title='bbox 993 634 1026 691; x_wconf 92' lang='lat' dir='ltr'>ut</span> <span class='ocrx_word' id='word_1_46' title='bbox 1044 628 1168 707; x_wconf 88' lang='lat' dir='ltr'>praeda</span> 
     </span>
     <span class='ocr_line' id='line_1_7' title="bbox 194 709 1247 791; baseline -0.001 -19"><span class='ocrx_word' id='word_1_47' title='bbox 194 711 317 774; x_wconf 88' lang='lat' dir='ltr'>militem</span> <span class='ocrx_word' id='word_1_48' title='bbox 344 711 453 780; x_wconf 87' lang='lat' dir='ltr'>aleret,</span> <span class='ocrx_word' id='word_1_49' title='bbox 476 710 533 774; x_wconf 94' lang='lat' dir='ltr'>duo</span> <span class='ocrx_word' id='word_1_50' title='bbox 554 711 644 772; x_wconf 49' lang='lat' dir='ltr'>milia*</span> <span class='ocrx_word' id='word_1_51' title='bbox 656 711 788 791; x_wconf 91' lang='lat' dir='ltr'>peditum</span> <span class='ocrx_word' id='word_1_52' title='bbox 806 718 835 772; x_wconf 84' lang='lat' dir='ltr'>et</span> <span class='ocrx_word' id='word_1_53' title='bbox 850 709 931 772; x_wconf 90' lang='lat' dir='ltr'>mille</span> <span class='ocrx_word' id='word_1_54' title='bbox 948 711 1077 790; x_wconf 81' lang='lat' dir='ltr'>equites,</span> <span class='ocrx_word' id='word_1_55' title='bbox 1096 709 1165 772; x_wconf 86' lang='lat' dir='ltr'>Nn·</span> <span class='ocrx_word' id='word_1_56' title='bbox 1246 725 1247 750; x_wconf 72' lang='lat'><em>³</em></span> 
     </span>
     <span class='ocr_line' id='line_1_8' title="bbox 194 793 1247 874; baseline -0.001 -19"><span class='ocrx_word' id='word_1_57' title='bbox 194 795 290 856; x_wconf 90' lang='lat' dir='ltr'>midas</span> <span class='ocrx_word' id='word_1_58' title='bbox 315 794 485 874; x_wconf 88' lang='lat' dir='ltr'>plerosque,</span> <span class='ocrx_word' id='word_1_59' title='bbox 516 796 622 859; x_wconf 88' lang='lat' dir='ltr'>mixtos</span> <span class='ocrx_word' id='word_1_60' title='bbox 650 794 790 873; x_wconf 90' lang='lat' dir='ltr'>quosdam</span> <span class='ocrx_word' id='word_1_61' title='bbox 820 801 849 854; x_wconf 92' lang='lat' dir='ltr'>et</span> <span class='ocrx_word' id='word_1_62' title='bbox 872 793 984 864; x_wconf 74' lang='lat' dir='ltr'>GalloS,</span> <span class='ocrx_word' id='word_1_63' title='bbox 1019 793 1166 873; x_wconf 89' lang='lat' dir='ltr'>populari</span> <span class='ocrx_word' id='word_1_64' title='bbox 1246 797 1247 872; x_wconf 63' lang='grc' dir='ltr'>ξ</span> 
     </span>
     <span class='ocr_line' id='line_1_9' title="bbox 169 875 1247 957; baseline 0 -19"><span class='ocrx_word' id='word_1_65' title='bbox 169 887 316 939; x_wconf 79' lang='lat' dir='ltr'>bomnem</span> <span class='ocrx_word' id='word_1_66' title='bbox 331 879 470 957; x_wconf 83' lang='lat' dir='ltr'>deinceps</span> <span class='ocrx_word' id='word_1_67' title='bbox 488 897 594 956; x_wconf 86' lang='lat' dir='ltr'>agrum</span> <span class='ocrx_word' id='word_1_68' title='bbox 610 897 702 957; x_wconf 90' lang='lat' dir='ltr'>usque</span> <span class='ocrx_word' id='word_1_69' title='bbox 716 878 753 940; x_wconf 92' lang='lat' dir='ltr'>ad</span> <span class='ocrx_word' id='word_1_70' title='bbox 763 878 836 940; x_wconf 90' lang='lat' dir='ltr'>Padi</span> <span class='ocrx_word' id='word_1_71' title='bbox 850 879 930 957; x_wconf 80' lang='lat' dir='ltr'>ripas</span> <span class='ocrx_word' id='word_1_72' title='bbox 944 879 1036 940; x_wconf 89' lang='lat' dir='ltr'>iussit.</span> <span class='ocrx_word' id='word_1_73' title='bbox 1066 895 1165 956; x_wconf 82' lang='lat' dir='ltr'>egen·</span> <span class='ocrx_word' id='word_1_74' title='bbox 1246 875 1247 930; x_wconf 74' lang='lat' dir='ltr'>i</span> 
     </span>
     <span class='ocr_line' id='line_1_10' title="bbox 196 961 1164 1040; baseline -0.001 -17"><span class='ocrx_word' id='word_1_75' title='bbox 196 970 240 1023; x_wconf 88' lang='lat' dir='ltr'>tes</span> <span class='ocrx_word' id='word_1_76' title='bbox 258 962 416 1040; x_wconf 75' lang='lat' dir='ltr'>opedani,</span> <span class='ocrx_word' id='word_1_77' title='bbox 436 979 502 1022; x_wconf 89' lang='lat' dir='ltr'>cum</span> <span class='ocrx_word' id='word_1_78' title='bbox 518 961 554 1024; x_wconf 92' lang='lat' dir='ltr'>ad</span> <span class='ocrx_word' id='word_1_79' title='bbox 568 962 599 1023; x_wconf 94' lang='lat' dir='ltr'>id</span> <span class='ocrx_word' id='word_1_80' title='bbox 616 961 720 1022; x_wconf 90' lang='lat' dir='ltr'>dubios</span> <span class='ocrx_word' id='word_1_81' title='bbox 735 968 901 1024; x_wconf 84' lang='lat' dir='ltr'>servassent</span> <span class='ocrx_word' id='word_1_82' title='bbox 915 962 1044 1030; x_wconf 85' lang='lat' dir='ltr'>animos,</span> <span class='ocrx_word' id='word_1_83' title='bbox 1062 962 1164 1022; x_wconf 88' lang='lat' dir='ltr'>coacti</span> 
     </span>
     <span class='ocr_line' id='line_1_11' title="bbox 195 1043 1162 1122; baseline 0 -18"><span class='ocrx_word' id='word_1_84' title='bbox 195 1044 233 1104; x_wconf 92' lang='lat' dir='ltr'>ab</span> <span class='ocrx_word' id='word_1_85' title='bbox 249 1044 418 1106; x_wconf 86' lang='lat' dir='ltr'>auctoribus</span> <span class='ocrx_word' id='word_1_86' title='bbox 431 1045 556 1106; x_wconf 89' lang='lat' dir='ltr'>iniuriae</span> <span class='ocrx_word' id='word_1_87' title='bbox 572 1046 609 1106; x_wconf 91' lang='lat' dir='ltr'>ad</span> <span class='ocrx_word' id='word_1_88' title='bbox 625 1045 754 1107; x_wconf 86' lang='lat' dir='ltr'>vindices</span> <span class='ocrx_word' id='word_1_89' title='bbox 769 1046 882 1107; x_wconf 80' lang='lat' dir='ltr'>futuros</span> <span class='ocrx_word' id='word_1_90' title='bbox 897 1044 1059 1114; x_wconf 89' lang='lat' dir='ltr'>declinant,</span> <span class='ocrx_word' id='word_1_91' title='bbox 1074 1043 1162 1122; x_wconf 84' lang='lat' dir='ltr'>lega·</span> 
     </span>
     <span class='ocr_line' id='line_1_12' title="bbox 194 1127 1160 1206; baseline -0.001 -18"><span class='ocrx_word' id='word_1_92' title='bbox 194 1129 291 1206; x_wconf 85' lang='lat' dir='ltr'>tisque</span> <span class='ocrx_word' id='word_1_93' title='bbox 306 1127 343 1188; x_wconf 87' lang='lat' dir='ltr'>ad</span> <span class='ocrx_word' id='word_1_94' title='bbox 365 1127 500 1189; x_wconf 90' lang='lat' dir='ltr'>consules</span> <span class='ocrx_word' id='word_1_95' title='bbox 519 1131 614 1190; x_wconf 89' lang='lat' dir='ltr'>missis</span> <span class='ocrx_word' id='word_1_96' title='bbox 630 1128 769 1190; x_wconf 83' lang='lat' dir='ltr'>auxilinm</span> <span class='ocrx_word' id='word_1_97' title='bbox 781 1130 981 1190; x_wconf 86' lang='lat' dir='ltr'>Romanorum</span> <span class='ocrx_word' id='word_1_98' title='bbox 1004 1135 1104 1190; x_wconf 87' lang='lat' dir='ltr'>terrae</span> <span class='ocrx_word' id='word_1_99' title='bbox 1118 1127 1160 1188; x_wconf 93' lang='lat' dir='ltr'>ob</span> 
     </span>
     <span class='ocr_line' id='line_1_13' title="bbox 168 1211 1160 1274; baseline 0.002 -5"><span class='ocrx_word' id='word_1_100' title='bbox 168 1220 184 1268; x_wconf 83' lang='grc'><strong>7</strong></span> <span class='ocrx_word' id='word_1_101' title='bbox 198 1211 318 1272; x_wconf 89' lang='lat' dir='ltr'>nimiam</span> <span class='ocrx_word' id='word_1_102' title='bbox 331 1211 476 1273; x_wconf 89' lang='lat' dir='ltr'>cultorum</span> <span class='ocrx_word' id='word_1_103' title='bbox 491 1212 579 1274; x_wconf 86' lang='lat' dir='ltr'>iidem</span> <span class='ocrx_word' id='word_1_104' title='bbox 592 1215 624 1273; x_wconf 89' lang='lat' dir='ltr'>iu</span> <span class='ocrx_word' id='word_1_105' title='bbox 635 1213 783 1274; x_wconf 85' lang='lat' dir='ltr'>llomanos</span> <span class='ocrx_word' id='word_1_106' title='bbox 797 1211 944 1274; x_wconf 80' lang='lat' dir='ltr'>laboranti</span> <span class='ocrx_word' id='word_1_107' title='bbox 958 1217 1053 1272; x_wconf 89' lang='lat' dir='ltr'>orant.</span> <span class='ocrx_word' id='word_1_108' title='bbox 1083 1211 1160 1274; x_wconf 84' lang='lat' dir='ltr'>Cor·</span> 
     </span>
     <span class='ocr_line' id='line_1_14' title="bbox 196 1294 1160 1376; baseline 0 -21"><span class='ocrx_word' id='word_1_109' title='bbox 196 1294 275 1356; x_wconf 89' lang='lat' dir='ltr'>nelio</span> <span class='ocrx_word' id='word_1_110' title='bbox 290 1313 345 1357; x_wconf 89' lang='lat' dir='ltr'>nco</span> <span class='ocrx_word' id='word_1_111' title='bbox 360 1315 446 1357; x_wconf 90' lang='lat' dir='ltr'>causa</span> <span class='ocrx_word' id='word_1_112' title='bbox 461 1315 517 1357; x_wconf 87' lang='lat' dir='ltr'>nec</span> <span class='ocrx_word' id='word_1_113' title='bbox 532 1305 647 1376; x_wconf 90' lang='lat' dir='ltr'>tempus</span> <span class='ocrx_word' id='word_1_114' title='bbox 656 1296 793 1374; x_wconf 79' lang='lat' dir='ltr'>agendae</span> <span class='ocrx_word' id='word_1_115' title='bbox 808 1297 853 1357; x_wconf 91' lang='lat' dir='ltr'>rei</span> <span class='ocrx_word' id='word_1_116' title='bbox 867 1294 1015 1376; x_wconf 79' lang='lat' dir='ltr'>placebat,</span> <span class='ocrx_word' id='word_1_117' title='bbox 1035 1313 1160 1375; x_wconf 88' lang='lat' dir='ltr'>suspee-</span> 
     </span>
     <span class='ocr_line' id='line_1_15' title="bbox 194 1379 1247 1460; baseline -0.002 -20"><span class='ocrx_word' id='word_1_118' title='bbox 194 1387 282 1457; x_wconf 86' lang='lat' dir='ltr'>taque</span> <span class='ocrx_word' id='word_1_119' title='bbox 305 1381 333 1441; x_wconf 90' lang='lat' dir='ltr'>ei</span> <span class='ocrx_word' id='word_1_120' title='bbox 358 1399 431 1459; x_wconf 84' lang='lat' dir='ltr'>gens</span> <span class='ocrx_word' id='word_1_121' title='bbox 455 1387 519 1442; x_wconf 90' lang='lat' dir='ltr'>erat</span> <span class='ocrx_word' id='word_1_122' title='bbox 539 1398 605 1440; x_wconf 90' lang='lat' dir='ltr'>cnm</span> <span class='ocrx_word' id='word_1_123' title='bbox 627 1380 665 1442; x_wconf 93' lang='lat' dir='ltr'>ob</span> <span class='ocrx_word' id='word_1_124' title='bbox 685 1379 773 1441; x_wconf 91' lang='lat' dir='ltr'>inlida</span> <span class='ocrx_word' id='word_1_125' title='bbox 794 1379 886 1447; x_wconf 89' lang='lat' dir='ltr'>multa</span> <span class='ocrx_word' id='word_1_126' title='bbox 907 1380 1052 1449; x_wconf 78' lang='lat' dir='ltr'>lucinam,</span> <span class='ocrx_word' id='word_1_127' title='bbox 1081 1386 1158 1448; x_wconf 88' lang='lat' dir='ltr'>tum,</span> <span class='ocrx_word' id='word_1_128' title='bbox 1246 1435 1247 1460; x_wconf 28' lang='lat' dir='ltr'>q</span> 
     </span>
     <span class='ocr_line' id='line_1_16' title="bbox 194 1462 1158 1542; baseline -0.003 -18"><span class='ocrx_word' id='word_1_129' title='bbox 194 1471 227 1524; x_wconf 87' lang='lat' dir='ltr'>ut</span> <span class='ocrx_word' id='word_1_130' title='bbox 249 1462 299 1524; x_wconf 90' lang='lat' dir='ltr'>illa</span> <span class='ocrx_word' id='word_1_131' title='bbox 313 1471 454 1526; x_wconf 85' lang='lat' dir='ltr'>vetustate</span> <span class='ocrx_word' id='word_1_132' title='bbox 469 1462 692 1534; x_wconf 88' lang='lat' dir='ltr'>obsolevissent,</span> <span class='ocrx_word' id='word_1_133' title='bbox 714 1463 752 1524; x_wconf 92' lang='lat' dir='ltr'>ob</span> <span class='ocrx_word' id='word_1_134' title='bbox 766 1472 917 1526; x_wconf 84' lang='lat' dir='ltr'>recentem</span> <span class='ocrx_word' id='word_1_135' title='bbox 931 1463 1072 1524; x_wconf 76' lang='lat' dir='ltr'>boiorum</span> <span class='ocrx_word' id='word_1_136' title='bbox 1086 1479 1158 1542; x_wconf 90' lang='lat' dir='ltr'>per-</span> 
     </span>
     <span class='ocr_line' id='line_1_17' title="bbox 166 1546 1247 1632; baseline 0 -26"><span class='ocrx_word' id='word_1_137' title='bbox 166 1546 310 1616; x_wconf 74' lang='lat' dir='ltr'>abdiam:</span> <span class='ocrx_word' id='word_1_138' title='bbox 327 1548 519 1626; x_wconf 84' lang='lat' dir='ltr'>Sempronius</span> <span class='ocrx_word' id='word_1_139' title='bbox 532 1547 831 1628; x_wconf 79' lang='lat' dir='ltr'>conbamonbnendis</span> <span class='ocrx_word' id='word_1_140' title='bbox 843 1549 874 1606; x_wconf 91' lang='lat' dir='ltr'>in</span> <span class='ocrx_word' id='word_1_141' title='bbox 890 1547 947 1608; x_wconf 85' lang='lat' dir='ltr'>fide</span> <span class='ocrx_word' id='word_1_142' title='bbox 963 1547 1051 1608; x_wconf 89' lang='lat' dir='ltr'>sociis</span> <span class='ocrx_word' id='word_1_143' title='bbox 1063 1547 1156 1606; x_wconf 85' lang='lat' dir='ltr'>maxi·</span> <span class='ocrx_word' id='word_1_144' title='bbox 1246 1585 1247 1632; x_wconf 62' lang='lat'>5</span> 
     </span>
     <span class='ocr_line' id='line_1_18' title="bbox 195 1629 1247 1710; baseline 0 -22"><span class='ocrx_word' id='word_1_145' title='bbox 195 1647 275 1691; x_wconf 91' lang='lat' dir='ltr'>mum</span> <span class='ocrx_word' id='word_1_146' title='bbox 288 1629 434 1690; x_wconf 85' lang='lat' dir='ltr'>vinculum</span> <span class='ocrx_word' id='word_1_147' title='bbox 443 1648 506 1690; x_wconf 89' lang='lat' dir='ltr'>csse</span> <span class='ocrx_word' id='word_1_148' title='bbox 517 1632 637 1709; x_wconf 88' lang='lat' dir='ltr'>primos,</span> <span class='ocrx_word' id='word_1_149' title='bbox 648 1633 698 1710; x_wconf 93' lang='lat' dir='ltr'>qui</span> <span class='ocrx_word' id='word_1_150' title='bbox 705 1633 854 1709; x_wconf 83' lang='lat' dir='ltr'>eguissent</span> <span class='ocrx_word' id='word_1_151' title='bbox 861 1649 925 1709; x_wconf 88' lang='lat' dir='ltr'>ope,</span> <span class='ocrx_word' id='word_1_152' title='bbox 939 1629 1156 1692; x_wconf 82' lang='lat' dir='ltr'>defensoscen·</span> <span class='ocrx_word' id='word_1_153' title='bbox 1246 1661 1247 1694; x_wconf 66' lang='lat' dir='ltr'>r</span> 
     </span>
     <span class='ocr_line' id='line_1_19' title="bbox 166 1711 1247 1795; baseline 0.004 -25"><span class='ocrx_word' id='word_1_154' title='bbox 166 1712 287 1792; x_wconf 72' lang='lat' dir='ltr'>asebat.</span> <span class='ocrx_word' id='word_1_155' title='bbox 316 1730 383 1774; x_wconf 91' lang='lat' dir='ltr'>cum</span> <span class='ocrx_word' id='word_1_156' title='bbox 395 1714 538 1795; x_wconf 76' lang='lat' dir='ltr'>collegam</span> <span class='ocrx_word' id='word_1_157' title='bbox 552 1721 737 1774; x_wconf 84' lang='lat' dir='ltr'>cunctantem</span> <span class='ocrx_word' id='word_1_158' title='bbox 749 1717 786 1753; x_wconf 63' lang='lat'>*⁹¹</span> <span class='ocrx_word' id='word_1_159' title='bbox 799 1715 958 1793; x_wconf 88' lang='lat' dir='ltr'>equitatum</span> <span class='ocrx_word' id='word_1_160' title='bbox 974 1732 1059 1774; x_wconf 90' lang='lat' dir='ltr'>snum</span> <span class='ocrx_word' id='word_1_161' title='bbox 1074 1711 1156 1774; x_wconf 88' lang='lat' dir='ltr'>mille</span> <span class='ocrx_word' id='word_1_162' title='bbox 1246 1741 1247 1794; x_wconf 54' lang='lat' dir='ltr'>q</span> 
     </span>
    </p>
   </div>
   <div class='ocr_carea' id='block_1_3' title="bbox 136 1795 1247 1876">
    <p class='ocr_par' dir='ltr' id='par_1_3' title="bbox 136 1795 1247 1876">
     <span class='ocr_line' id='line_1_20' title="bbox 136 1795 1247 1876; baseline -0.003 -18"><span class='ocrx_word' id='word_1_163' title='bbox 136 1860 139 1868; x_wconf 69' lang='grc'><strong><em>,</em></strong></span> <span class='ocrx_word' id='word_1_164' title='bbox 169 1796 325 1876; x_wconf 81' lang='lat' dir='ltr'>‘peditum</span> <span class='ocrx_word' id='word_1_165' title='bbox 354 1795 561 1858; x_wconf 87' lang='lat' dir='ltr'>iaculatoribus</span> <span class='ocrx_word' id='word_1_166' title='bbox 589 1796 684 1858; x_wconf 87' lang='lat' dir='ltr'>ferme</span> <span class='ocrx_word' id='word_1_167' title='bbox 710 1796 846 1868; x_wconf 83' lang='lat' dir='ltr'>admixtis</span> <span class='ocrx_word' id='word_1_168' title='bbox 872 1797 908 1858; x_wconf 89' lang='lat' dir='ltr'>ad</span> <span class='ocrx_word' id='word_1_169' title='bbox 935 1797 1154 1858; x_wconf 81' lang='lat' dir='ltr'>defendendum</span> <span class='ocrx_word' id='word_1_170' title='bbox 1246 1815 1247 1864; x_wconf 68' lang='lat' dir='ltr'>r</span> 
     </span>
    </p>
   </div>
   <div class='ocr_carea' id='block_1_4' title="bbox 151 1877 1154 3464">
    <p class='ocr_par' dir='ltr' id='par_1_4' title="bbox 151 1877 1154 2298">
     <span class='ocr_line' id='line_1_21' title="bbox 151 1877 1154 1960; baseline 0.002 -22"><span class='ocrx_word' id='word_1_171' title='bbox 151 1886 185 1938; x_wconf 84' lang='lat'>10</span> <span class='ocrx_word' id='word_1_172' title='bbox 196 1879 338 1947; x_wconf 88' lang='lat' dir='ltr'>Gallicum</span> <span class='ocrx_word' id='word_1_173' title='bbox 360 1898 463 1958; x_wconf 84' lang='lat' dir='ltr'>agrum</span> <span class='ocrx_word' id='word_1_174' title='bbox 484 1887 565 1940; x_wconf 90' lang='lat' dir='ltr'>trans</span> <span class='ocrx_word' id='word_1_175' title='bbox 579 1880 716 1949; x_wconf 82' lang='lat' dir='ltr'>Trebiam</span> <span class='ocrx_word' id='word_1_176' title='bbox 732 1877 837 1942; x_wconf 79' lang='lat' dir='ltr'>‘mittit</span> <span class='ocrx_word' id='word_1_177' title='bbox 868 1897 986 1960; x_wconf 88' lang='lat' dir='ltr'>sparsos</span> <span class='ocrx_word' id='word_1_178' title='bbox 1001 1887 1031 1940; x_wconf 91' lang='lat' dir='ltr'>et</span> <span class='ocrx_word' id='word_1_179' title='bbox 1050 1881 1154 1943; x_wconf 87' lang='lat' dir='ltr'>incon·</span> 
     </span>
     <span class='ocr_line' id='line_1_22' title="bbox 192 1963 1153 2044; baseline 0.002 -22"><span class='ocrx_word' id='word_1_180' title='bbox 192 1964 314 2042; x_wconf 87' lang='lat' dir='ltr'>positos,</span> <span class='ocrx_word' id='word_1_181' title='bbox 327 1963 364 2024; x_wconf 92' lang='lat' dir='ltr'>ad</span> <span class='ocrx_word' id='word_1_182' title='bbox 392 1965 448 2025; x_wconf 92' lang='lat' dir='ltr'>boc</span> <span class='ocrx_word' id='word_1_183' title='bbox 472 1966 566 2042; x_wconf 85' lang='lat' dir='ltr'>gravis</span> <span class='ocrx_word' id='word_1_184' title='bbox 590 1964 699 2041; x_wconf 87' lang='lat' dir='ltr'>pracda</span> <span class='ocrx_word' id='word_1_185' title='bbox 724 1963 881 2044; x_wconf 88' lang='lat' dir='ltr'>plerosque</span> <span class='ocrx_word' id='word_1_186' title='bbox 905 1983 973 2026; x_wconf 91' lang='lat' dir='ltr'>cnm</span> <span class='ocrx_word' id='word_1_187' title='bbox 1002 1965 1153 2042; x_wconf 90' lang='lat' dir='ltr'>inopinato</span> 
     </span>
     <span class='ocr_line' id='line_1_23' title="bbox 192 2047 1152 2126; baseline 0.002 -20"><span class='ocrx_word' id='word_1_188' title='bbox 192 2049 380 2118; x_wconf 79' lang='lat' dir='ltr'>invasissent,</span> <span class='ocrx_word' id='word_1_189' title='bbox 400 2049 551 2126; x_wconf 84' lang='lat' dir='ltr'>ingentem</span> <span class='ocrx_word' id='word_1_190' title='bbox 572 2053 717 2109; x_wconf 87' lang='lat' dir='ltr'>terrorem</span> <span class='ocrx_word' id='word_1_191' title='bbox 732 2047 913 2126; x_wconf 90' lang='lat' dir='ltr'>caedemque</span> <span class='ocrx_word' id='word_1_192' title='bbox 933 2066 969 2109; x_wconf 89' lang='lat' dir='ltr'>ao</span> <span class='ocrx_word' id='word_1_193' title='bbox 989 2047 1088 2126; x_wconf 82' lang='lat' dir='ltr'>lugam</span> <span class='ocrx_word' id='word_1_194' title='bbox 1104 2066 1152 2109; x_wconf 91' lang='lat' dir='ltr'>us-</span> 
     </span>
     <span class='ocr_line' id='line_1_24' title="bbox 193 2130 1151 2210; baseline -0.001 -19"><span class='ocrx_word' id='word_1_195' title='bbox 193 2149 251 2208; x_wconf 89' lang='lat' dir='ltr'>que</span> <span class='ocrx_word' id='word_1_196' title='bbox 275 2130 311 2192; x_wconf 93' lang='lat' dir='ltr'>ad</span> <span class='ocrx_word' id='word_1_197' title='bbox 332 2139 428 2199; x_wconf 77' lang='lat' dir='ltr'>castra</span> <span class='ocrx_word' id='word_1_198' title='bbox 451 2133 647 2210; x_wconf 86' lang='lat' dir='ltr'>stationesque</span> <span class='ocrx_word' id='word_1_199' title='bbox 668 2133 795 2193; x_wconf 88' lang='lat' dir='ltr'>bostium</span> <span class='ocrx_word' id='word_1_200' title='bbox 820 2131 932 2200; x_wconf 88' lang='lat' dir='ltr'>lecere;</span> <span class='ocrx_word' id='word_1_201' title='bbox 955 2131 1034 2193; x_wconf 92' lang='lat' dir='ltr'>unde</span> <span class='ocrx_word' id='word_1_202' title='bbox 1054 2130 1151 2193; x_wconf 84' lang='lat' dir='ltr'>mrdti·</span> 
     </span>
     <span class='ocr_line' id='line_1_25' title="bbox 193 2213 1152 2298; baseline 0.001 -25"><span class='ocrx_word' id='word_1_203' title='bbox 193 2213 294 2275; x_wconf 90' lang='lat' dir='ltr'>tudine</span> <span class='ocrx_word' id='word_1_204' title='bbox 306 2214 397 2276; x_wconf 90' lang='lat' dir='ltr'>ellusa</span> <span class='ocrx_word' id='word_1_205' title='bbox 411 2213 488 2294; x_wconf 89' lang='lat' dir='ltr'>pulsi</span> <span class='ocrx_word' id='word_1_206' title='bbox 504 2232 605 2275; x_wconf 91' lang='lat' dir='ltr'>rursus</span> <span class='ocrx_word' id='word_1_207' title='bbox 618 2214 747 2298; x_wconf 80' lang='lat' dir='ltr'>subsidio</span> <span class='ocrx_word' id='word_1_208' title='bbox 763 2233 884 2276; x_wconf 89' lang='lat' dir='ltr'>snorum</span> <span class='ocrx_word' id='word_1_209' title='bbox 907 2215 1052 2294; x_wconf 89' lang='lat' dir='ltr'>proelium</span> <span class='ocrx_word' id='word_1_210' title='bbox 1068 2216 1152 2274; x_wconf 88' lang='lat' dir='ltr'>resti-</span> 
     </span>
    </p>

    <p class='ocr_par' dir='ltr' id='par_1_5' title="bbox 152 2297 1150 2529">
     <span class='ocr_line' id='line_1_26' title="bbox 152 2297 1150 2378; baseline 0.004 -24"><span class='ocrx_word' id='word_1_211' title='bbox 152 2303 182 2354; x_wconf 89' lang='lat'>11</span> <span class='ocrx_word' id='word_1_212' title='bbox 196 2305 289 2359; x_wconf 87' lang='lat' dir='ltr'>tuere.</span> <span class='ocrx_word' id='word_1_213' title='bbox 329 2301 406 2359; x_wconf 84' lang='lat' dir='ltr'>varia</span> <span class='ocrx_word' id='word_1_214' title='bbox 425 2298 495 2359; x_wconf 91' lang='lat' dir='ltr'>inde</span> <span class='ocrx_word' id='word_1_215' title='bbox 521 2316 620 2378; x_wconf 83' lang='lat' dir='ltr'>pugna</span> <span class='ocrx_word' id='word_1_216' title='bbox 638 2307 793 2378; x_wconf 87' lang='lat' dir='ltr'>sequentes</span> <span class='ocrx_word' id='word_1_217' title='bbox 813 2301 1006 2378; x_wconf 79' lang='lat' dir='ltr'>cedentesque</span> <span class='ocrx_word' id='word_1_218' title='bbox 1027 2317 1093 2359; x_wconf 90' lang='lat' dir='ltr'>cum</span> <span class='ocrx_word' id='word_1_219' title='bbox 1115 2297 1150 2358; x_wconf 92' lang='lat' dir='ltr'>ad</span> 
     </span>
     <span class='ocr_line' id='line_1_27' title="bbox 194 2381 1149 2462; baseline 0.002 -22"><span class='ocrx_word' id='word_1_220' title='bbox 194 2388 358 2444; x_wconf 85' lang='lat' dir='ltr'>extremum</span> <span class='ocrx_word' id='word_1_221' title='bbox 378 2389 551 2462; x_wconf 89' lang='lat' dir='ltr'>aequassent</span> <span class='ocrx_word' id='word_1_222' title='bbox 566 2389 728 2455; x_wconf 88' lang='lat' dir='ltr'>certamen,</span> <span class='ocrx_word' id='word_1_223' title='bbox 751 2383 846 2443; x_wconf 90' lang='lat' dir='ltr'>maior</span> <span class='ocrx_word' id='word_1_224' title='bbox 860 2389 960 2444; x_wconf 88' lang='lat' dir='ltr'>tamen</span> <span class='ocrx_word' id='word_1_225' title='bbox 974 2383 1100 2444; x_wconf 87' lang='lat' dir='ltr'>bostium</span> <span class='ocrx_word' id='word_1_226' title='bbox 1117 2381 1149 2418; x_wconf 75' lang='lat'>*¹*</span> 
     </span>
     <span class='ocr_line' id='line_1_28' title="bbox 192 2465 663 2529; baseline 0.002 -3"><span class='ocrx_word' id='word_1_227' title='bbox 192 2465 341 2527; x_wconf 86' lang='lat' dir='ltr'>Romanos</span> <span class='ocrx_word' id='word_1_228' title='bbox 355 2466 432 2527; x_wconf 89' lang='lat' dir='ltr'>iama</span> <span class='ocrx_word' id='word_1_229' title='bbox 447 2467 585 2529; x_wconf 86' lang='lat' dir='ltr'>victoriae</span> <span class='ocrx_word' id='word_1_230' title='bbox 599 2465 663 2527; x_wconf 87' lang='lat' dir='ltr'>luit.</span> 
     </span>
    </p>

    <p class='ocr_par' dir='ltr' id='par_1_6' title="bbox 163 2548 1149 3464">
     <span class='ocr_line' id='line_1_29' title="bbox 169 2548 1149 2629; baseline 0.004 -23"><span class='ocrx_word' id='word_1_231' title='bbox 169 2556 182 2606; x_wconf 90' lang='lat'>1</span> <span class='ocrx_word' id='word_1_232' title='bbox 247 2548 330 2610; x_wconf 73' lang='lat' dir='ltr'>nni.</span> <span class='ocrx_word' id='word_1_233' title='bbox 361 2549 497 2611; x_wconf 83' lang='lat' dir='ltr'>Ceterum</span> <span class='ocrx_word' id='word_1_234' title='bbox 512 2550 622 2612; x_wconf 86' lang='lat' dir='ltr'>nemini</span> <span class='ocrx_word' id='word_1_235' title='bbox 637 2550 768 2610; x_wconf 92' lang='lat' dir='ltr'>omnium</span> <span class='ocrx_word' id='word_1_236' title='bbox 783 2549 878 2610; x_wconf 90' lang='lat' dir='ltr'>maior</span> <span class='ocrx_word' id='word_1_237' title='bbox 888 2550 1049 2629; x_wconf 88' lang='lat' dir='ltr'>iustiorque</span> <span class='ocrx_word' id='word_1_238' title='bbox 1065 2567 1149 2628; x_wconf 88' lang='lat' dir='ltr'>qnam</span> 
     </span>
     <span class='ocr_line' id='line_1_30' title="bbox 190 2632 1147 2714; baseline 0.003 -23"><span class='ocrx_word' id='word_1_239' title='bbox 190 2632 249 2711; x_wconf 87' lang='lat' dir='ltr'>ipsi</span> <span class='ocrx_word' id='word_1_240' title='bbox 277 2633 390 2694; x_wconf 87' lang='lat' dir='ltr'>consuli</span> <span class='ocrx_word' id='word_1_241' title='bbox 414 2633 519 2702; x_wconf 86' lang='lat' dir='ltr'>videri;</span> <span class='ocrx_word' id='word_1_242' title='bbox 549 2633 655 2712; x_wconf 84' lang='lat' dir='ltr'>gaudio</span> <span class='ocrx_word' id='word_1_243' title='bbox 677 2633 790 2703; x_wconf 82' lang='lat' dir='ltr'>efferri,</span> <span class='ocrx_word' id='word_1_244' title='bbox 818 2651 875 2714; x_wconf 89' lang='lat' dir='ltr'>qua</span> <span class='ocrx_word' id='word_1_245' title='bbox 895 2640 979 2713; x_wconf 85' lang='lat' dir='ltr'>parte</span> <span class='ocrx_word' id='word_1_246' title='bbox 1000 2633 1147 2713; x_wconf 87' lang='lat' dir='ltr'>copiarum</span> 
     </span>
     <span class='ocr_line' id='line_1_31' title="bbox 163 2714 1146 2787; baseline 0.004 -15"><span class='ocrx_word' id='word_1_247' title='bbox 163 2714 268 2776; x_wconf 71' lang='lat' dir='ltr'>zalter</span> <span class='ocrx_word' id='word_1_248' title='bbox 281 2716 385 2776; x_wconf 91' lang='lat' dir='ltr'>consul</span> <span class='ocrx_word' id='word_1_249' title='bbox 406 2719 497 2778; x_wconf 88' lang='lat' dir='ltr'>rictus</span> <span class='ocrx_word' id='word_1_250' title='bbox 517 2715 606 2787; x_wconf 76' lang='lat' dir='ltr'>ioret&#39;,</span> <span class='ocrx_word' id='word_1_251' title='bbox 636 2735 670 2776; x_wconf 89' lang='lat' dir='ltr'>ea</span> <span class='ocrx_word' id='word_1_252' title='bbox 690 2735 721 2776; x_wconf 89' lang='lat' dir='ltr'>sc</span> <span class='ocrx_word' id='word_1_253' title='bbox 741 2717 858 2778; x_wconf 87' lang='lat' dir='ltr'>vicisse:</span> <span class='ocrx_word' id='word_1_254' title='bbox 880 2718 1031 2778; x_wconf 86' lang='lat' dir='ltr'>restitutos</span> <span class='ocrx_word' id='word_1_255' title='bbox 1048 2732 1082 2777; x_wconf 92' lang='lat' dir='ltr'>ac</span> <span class='ocrx_word' id='word_1_256' title='bbox 1102 2733 1146 2776; x_wconf 92' lang='lat' dir='ltr'>re-</span> 
     </span>
     <span class='ocr_line' id='line_1_32' title="bbox 193 2796 1146 2880; baseline 0.005 -25"><span class='ocrx_word' id='word_1_257' title='bbox 193 2796 286 2857; x_wconf 83' lang='lat' dir='ltr'>lectos</span> <span class='ocrx_word' id='word_1_258' title='bbox 301 2798 441 2859; x_wconf 90' lang='lat' dir='ltr'>militibus</span> <span class='ocrx_word' id='word_1_259' title='bbox 459 2801 586 2869; x_wconf 89' lang='lat' dir='ltr'>animos,</span> <span class='ocrx_word' id='word_1_260' title='bbox 607 2817 661 2860; x_wconf 90' lang='lat' dir='ltr'>neo</span> <span class='ocrx_word' id='word_1_261' title='bbox 673 2818 850 2880; x_wconf 87' lang='lat' dir='ltr'>quemqnam</span> <span class='ocrx_word' id='word_1_262' title='bbox 866 2819 930 2861; x_wconf 89' lang='lat' dir='ltr'>esse</span> <span class='ocrx_word' id='word_1_263' title='bbox 946 2807 1065 2880; x_wconf 88' lang='lat' dir='ltr'>praeter</span> <span class='ocrx_word' id='word_1_264' title='bbox 1080 2817 1146 2860; x_wconf 87' lang='lat' dir='ltr'>oon-</span> 
     </span>
     <span class='ocr_line' id='line_1_33' title="bbox 192 2879 1146 2961; baseline 0.003 -21"><span class='ocrx_word' id='word_1_265' title='bbox 192 2879 302 2958; x_wconf 85' lang='lat' dir='ltr'>legam‚</span> <span class='ocrx_word' id='word_1_266' title='bbox 319 2883 369 2960; x_wconf 93' lang='lat' dir='ltr'>qui</span> <span class='ocrx_word' id='word_1_267' title='bbox 385 2880 502 2943; x_wconf 86' lang='lat' dir='ltr'>dilatam</span> <span class='ocrx_word' id='word_1_268' title='bbox 517 2883 733 2943; x_wconf 88' lang='lat' dir='ltr'>dimicationem</span> <span class='ocrx_word' id='word_1_269' title='bbox 748 2881 847 2952; x_wconf 88' lang='lat' dir='ltr'>vellet;</span> <span class='ocrx_word' id='word_1_270' title='bbox 865 2901 932 2945; x_wconf 87' lang='lat' dir='ltr'>eum</span> <span class='ocrx_word' id='word_1_271' title='bbox 946 2885 1044 2946; x_wconf 89' lang='lat' dir='ltr'>animo</span> <span class='ocrx_word' id='word_1_272' title='bbox 1058 2885 1146 2961; x_wconf 76' lang='lat' dir='ltr'>magis</span> 
     </span>
     <span class='ocr_line' id='line_1_34' title="bbox 192 2964 1145 3044; baseline 0 -19"><span class='ocrx_word' id='word_1_273' title='bbox 192 2983 279 3044; x_wconf 91' lang='lat' dir='ltr'>quarn</span> <span class='ocrx_word' id='word_1_274' title='bbox 302 2982 427 3044; x_wconf 90' lang='lat' dir='ltr'>corpore</span> <span class='ocrx_word' id='word_1_275' title='bbox 452 2983 573 3042; x_wconf 86' lang='lat' dir='ltr'>aegrum</span> <span class='ocrx_word' id='word_1_276' title='bbox 601 2967 742 3026; x_wconf 92' lang='lat' dir='ltr'>memoria</span> <span class='ocrx_word' id='word_1_277' title='bbox 767 2964 896 3028; x_wconf 88' lang='lat' dir='ltr'>vulneris</span> <span class='ocrx_word' id='word_1_278' title='bbox 920 2969 1013 3029; x_wconf 90' lang='lat' dir='ltr'>aciem</span> <span class='ocrx_word' id='word_1_279' title='bbox 1038 2985 1071 3028; x_wconf 88' lang='lat' dir='ltr'>ac</span> <span class='ocrx_word' id='word_1_280' title='bbox 1093 2967 1145 3026; x_wconf 86' lang='lat' dir='ltr'>tela</span> 
     </span>
     <span class='ocr_line' id='line_1_35' title="bbox 165 3048 1144 3130; baseline 0.004 -22"><span class='ocrx_word' id='word_1_281' title='bbox 165 3057 182 3108; x_wconf 86' lang='grc'>3</span> <span class='ocrx_word' id='word_1_282' title='bbox 196 3050 328 3112; x_wconf 86' lang='lat' dir='ltr'>horrere.</span> <span class='ocrx_word' id='word_1_283' title='bbox 351 3048 474 3110; x_wconf 88' lang='lat' dir='ltr'>sednon</span> <span class='ocrx_word' id='word_1_284' title='bbox 486 3067 549 3110; x_wconf 89' lang='lat' dir='ltr'>esse</span> <span class='ocrx_word' id='word_1_285' title='bbox 563 3067 629 3110; x_wconf 88' lang='lat' dir='ltr'>cum</span> <span class='ocrx_word' id='word_1_286' title='bbox 641 3067 730 3128; x_wconf 84' lang='lat' dir='ltr'>aegro</span> <span class='ocrx_word' id='word_1_287' title='bbox 741 3051 964 3112; x_wconf 89' lang='lat' dir='ltr'>senescendum.</span> <span class='ocrx_word' id='word_1_288' title='bbox 990 3049 1061 3130; x_wconf 92' lang='lat' dir='ltr'>quid</span> <span class='ocrx_word' id='word_1_289' title='bbox 1071 3052 1144 3112; x_wconf 91' lang='lat' dir='ltr'>enim</span> 
     </span>
     <span class='ocr_line' id='line_1_36' title="bbox 191 3132 1143 3215; baseline -0.001 -21"><span class='ocrx_word' id='word_1_290' title='bbox 191 3132 268 3196; x_wconf 90' lang='lat' dir='ltr'>ultra</span> <span class='ocrx_word' id='word_1_291' title='bbox 281 3134 393 3195; x_wconf 90' lang='lat' dir='ltr'>dillerri</span> <span class='ocrx_word' id='word_1_292' title='bbox 413 3141 463 3198; x_wconf 88' lang='lat' dir='ltr'>aut</span> <span class='ocrx_word' id='word_1_293' title='bbox 482 3135 539 3195; x_wconf 91' lang='lat' dir='ltr'>teri</span> <span class='ocrx_word' id='word_1_294' title='bbox 560 3134 691 3213; x_wconf 76' lang='lat' dir='ltr'>tempus?</span> <span class='ocrx_word' id='word_1_295' title='bbox 738 3153 825 3215; x_wconf 90' lang='lat' dir='ltr'>quem</span> <span class='ocrx_word' id='word_1_296' title='bbox 846 3137 966 3196; x_wconf 89' lang='lat' dir='ltr'>tertium</span> <span class='ocrx_word' id='word_1_297' title='bbox 989 3132 1143 3204; x_wconf 84' lang='lat' dir='ltr'>consulem,</span> 
     </span>
     <span class='ocr_line' id='line_1_37' title="bbox 166 3217 1143 3296; baseline 0.005 -23"><span class='ocrx_word' id='word_1_298' title='bbox 166 3226 278 3295; x_wconf 76' lang='lat' dir='ltr'>aquem</span> <span class='ocrx_word' id='word_1_299' title='bbox 296 3217 384 3279; x_wconf 90' lang='lat' dir='ltr'>alium</span> <span class='ocrx_word' id='word_1_300' title='bbox 400 3218 561 3280; x_wconf 80' lang='lat' dir='ltr'>exercitum</span> <span class='ocrx_word' id='word_1_301' title='bbox 575 3218 742 3296; x_wconf 77' lang='lat' dir='ltr'>expectari?</span> <span class='ocrx_word' id='word_1_302' title='bbox 758 3225 853 3280; x_wconf 88' lang='lat' dir='ltr'>castra</span> <span class='ocrx_word' id='word_1_303' title='bbox 865 3218 1143 3296; x_wconf 82' lang='lat' dir='ltr'>Carthaginiensium</span> 
     </span>
     <span class='ocr_line' id='line_1_38' title="bbox 192 3299 1143 3382; baseline 0.004 -26"><span class='ocrx_word' id='word_1_304' title='bbox 192 3301 223 3357; x_wconf 92' lang='lat' dir='ltr'>in</span> <span class='ocrx_word' id='word_1_305' title='bbox 237 3299 319 3360; x_wconf 88' lang='lat' dir='ltr'>ltalia</span> <span class='ocrx_word' id='word_1_306' title='bbox 337 3319 371 3360; x_wconf 92' lang='lat' dir='ltr'>ac</span> <span class='ocrx_word' id='word_1_307' title='bbox 390 3320 483 3382; x_wconf 89' lang='lat' dir='ltr'>prope</span> <span class='ocrx_word' id='word_1_308' title='bbox 503 3303 534 3361; x_wconf 94' lang='lat' dir='ltr'>in</span> <span class='ocrx_word' id='word_1_309' title='bbox 549 3309 710 3380; x_wconf 88' lang='lat' dir='ltr'>conspectu</span> <span class='ocrx_word' id='word_1_310' title='bbox 729 3301 811 3362; x_wconf 83' lang='lat' dir='ltr'>urbis</span> <span class='ocrx_word' id='word_1_311' title='bbox 833 3320 906 3363; x_wconf 89' lang='lat' dir='ltr'>esse.</span> <span class='ocrx_word' id='word_1_312' title='bbox 943 3321 1003 3362; x_wconf 89' lang='lat' dir='ltr'>non</span> <span class='ocrx_word' id='word_1_313' title='bbox 1021 3299 1143 3362; x_wconf 89' lang='lat' dir='ltr'>Siciliam</span> 
     </span>
     <span class='ocr_line' id='line_1_39' title="bbox 191 3382 1144 3464; baseline 0.007 -27"><span class='ocrx_word' id='word_1_314' title='bbox 191 3397 226 3438; x_wconf 92' lang='lat' dir='ltr'>ac</span> <span class='ocrx_word' id='word_1_315' title='bbox 242 3382 405 3443; x_wconf 90' lang='lat' dir='ltr'>Sardiniam</span> <span class='ocrx_word' id='word_1_316' title='bbox 418 3383 503 3444; x_wconf 88' lang='lat' dir='ltr'>rictis</span> <span class='ocrx_word' id='word_1_317' title='bbox 520 3383 683 3464; x_wconf 84' lang='lat' dir='ltr'>ademptas,</span> <span class='ocrx_word' id='word_1_318' title='bbox 700 3403 756 3446; x_wconf 92' lang='lat' dir='ltr'>neo</span> <span class='ocrx_word' id='word_1_319' title='bbox 771 3387 813 3446; x_wconf 91' lang='lat' dir='ltr'>cis</span> <span class='ocrx_word' id='word_1_320' title='bbox 825 3384 967 3447; x_wconf 90' lang='lat' dir='ltr'>Hiberum</span> <span class='ocrx_word' id='word_1_321' title='bbox 979 3384 1144 3464; x_wconf 85' lang='lat' dir='ltr'>Hispaniam</span> 
     </span>
    </p>
   </div>
   <div class='ocr_carea' id='block_1_5' title="bbox 0 0 1274 3946">
    <p class='ocr_par' dir='ltr' id='par_1_7' title="bbox 0 0 1274 3946">
     <span class='ocr_line' id='line_1_40' title="bbox 0 0 1274 3946; baseline 0 10"><span class='ocrx_word' id='word_1_322' title='bbox 0 0 1274 3946; x_wconf 95' lang='lat' dir='ltr'> </span> 
     </span>
    </p>
   </div>
  </div>
 </body>
</html>
