2532 3938
301 189 413 253 'arnan
427 212 482 255 vn.
499 212 567 254 aar.
584 203 626 254 31.
643 203 685 255 32.
704 193 743 272 [a.
761 197 796 258 C.
813 194 872 275 343]
1038 203 1079 265 33

120 377 276 437 negamus:
304 358 431 444 legatos,
450 361 526 419 sicut
548 359 716 440 fusiusque
739 371 797 432 est,
819 363 855 423 ad
877 365 972 424 socios
994 372 1108 443 atquet

120 444 229 503 amicos
244 450 398 522 precatum
414 444 578 513 mittemus,
601 461 709 522 nequa
727 445 809 506 vobis
824 448 866 506 vis
881 449 962 506 fiat.“
994 448 1078 509 adea

117 527 257 606 princeps
279 524 434 604 legationis
456 528 560 586 —sic
584 527 662 586 enim
690 528 777 589 domo
803 531 971 590 mandatum
1001 539 1076 592 attu-

117 607 215 669 lerant
230 643 267 655 —-
292 603 435 707 „quando
450 608 568 688 quidem
578 618 596 641 “
620 611 754 708 inquit„
764 620 862 673 nostra
881 616 958 673 tueri
974 615 1075 674 adver·

117 711 167 752 sus
188 695 246 752 vim
269 700 356 791 atque
377 695 514 753 iniuriam
536 695 612 754 iusta
635 695 663 752 vi
683 712 744 753 non
765 695 863 765 vultis,
885 703 981 758 vestra
995 705 1076 760 certe

117 775 298 836 defendetis:
336 778 434 856 itaque
459 775 601 855 populum
628 777 807 856 Campanum
833 779 997 859 urbemque
1023 782 1104 842 Cat

116 879 221 938 puam,
239 878 340 937 agros,
356 858 478 920 delubra
495 860 597 930 deum,
616 859 712 920 divina
727 863 913 943 humanaque
930 866 1027 925 omnia
1042 867 1075 926 in
1141 861 1143 864 ’

116 951 259 1016 vestram,
286 937 386 1023 patres
407 945 582 1020 conscripti,
609 944 768 1025 populique
787 947 911 1007 Romani
928 947 1074 1009 dicionem

117 991 266 1097 dedimus,
297 1027 438 1107 quidquid
461 1026 568 1086 deinde
588 1030 735 1105 patiemur
755 1029 885 1090 dediticii
906 1033 995 1091 vestri
1007 1050 1074 1110 pas·

117 1112 209 1172 su'ri.“
237 1110 294 1170 sub
308 1111 382 1170 haec
394 1111 470 1170 dicta
486 1129 588 1170 omnes
604 1129 708 1172 manus
722 1112 758 1172 ad
771 1114 905 1174 consules
923 1115 1102 1176 tendentcst

116 1193 195 1272 pleni
214 1193 432 1256 lacrimarum
423 1193 607 1254 investibulo
620 1197 718 1255 curiae
733 1197 963 1296 procubuerunt
994 1217 1074 1260 eom·
1062 1207 1103 1259 -o

116 1279 188 1337 moti
208 1285 308 1356 patres
332 1279 394 1338 vice
408 1277 593 1338 fortunarum
609 1277 816 1350 humanarum,
839 1283 864 1340 si
884 1281 934 1341 ille
949 1299 1073 1361 praepo·
1130 1317 1132 1321 ,

115 1367 182 1420 tens
204 1361 324 1440 opibus
331 1361 474 1442 populus,
494 1359 609 1422 luxuria
632 1363 828 1445 superbiaque
846 1364 957 1432 clarus,
981 1380 1002 1424 a
1015 1384 1072 1445 quo

115 1443 203 1523 paulo
219 1452 286 1504 ante
302 1443 442 1506 auxilium
458 1445 574 1504 finitimi
593 1447 749 1528 petissent,
771 1441 844 1506 adeo
864 1449 1007 1507 infractos
1023 1467 1072 1525 ge·

115 1534 197 1588 reret
211 1529 340 1598 animos,
365 1534 397 1587 ut
413 1546 444 1587 se
465 1529 529 1606 ipse
544 1546 654 1626 suaque
671 1531 767 1590 omnia
789 1532 944 1608 potestatis
962 1530 1073 1591 alienae
1121 1532 1124 1536 ’

115 1611 236 1671 laceret.
267 1620 330 1672 tum
352 1613 410 1671 iam
433 1612 505 1677 tides
520 1614 567 1689 agi
582 1613 656 1682 visa,
681 1613 794 1674 deditos
817 1633 876 1674 non
900 1615 1001 1692 prodi;
1020 1633 1076 1675 nec

115 1695 261 1755 iacturum
278 1713 370 1788 aequa
387 1695 562 1755 Samnitium
578 1661 718 1776 populum
737 1697 911 1768 censebant,
930 1699 954 1758 si
969 1716 1072 1776 agrum

115 1776 279 1862 urbemque
290 1783 344 1857 per
356 1776 535 1838 deditionem
551 1779 658 1839 factam
672 1780 773 1858 populi
786 1781 911 1842 Romani
921 1800 1072 1862 oppugna·

114 1870 191 1922 rent.
219 1860 350 1940 legatos
350 1863 450 1938 itaque
472 1861 618 1941 extempio
639 1865 716 1923 mitti
735 1865 771 1933 ad
790 1865 934 1925 Samnites
955 1865 1072 1946 placuit
1084 1873 1101 1923 s

115 1946 181 2006 data
194 1946 345 2015 mandata,
360 1952 393 2004 ιιι
403 1963 508 2024 preces
523 1942 753 2024 Campanorum,
768 1965 815 2008 res
818 1967 944 2025 pensum
955 1957 1072 2010 senatus

115 2030 261 2089 amicitiae
275 2029 449 2090 Samnitium
464 2046 587 2100 memor,
602 2029 786 2090 deditionem
802 2040 951 2110 postremo
966 2032 1071 2092 iactam

79 2125 84 2179 ζ
114 2113 295 2173 Samnitibus
307 2119 503 2211 exponerent;
512 2119 653 2191 peterent
661 2132 716 2191 pro
728 2116 867 2175 societate
879 2117 1073 2214 amicitiaque,
1082 2121 1100 2172 o

113 2203 147 2256 ut
159 2195 304 2256 dediticiis
318 2197 378 2256 suis
393 2203 566 2275 parcerent,
582 2204 678 2274 neque
692 2199 724 2268 ιιι
740 2214 805 2256 eum
821 2216 937 2274 agrum,
954 2200 1003 2277 qui
1019 2217 1115 2277 po··

108 2271 176 2359 ¹puli
186 2279 312 2340 Romani
326 2279 420 2340 lactus
437 2286 528 2346 esset
546 2279 663 2339 hostilia
679 2297 760 2339 arma
774 2279 934 2349 inferrent;
955 2283 981 2340 si
997 2280 1071 2340 leni·
1081 2256 1115 2340 ιιι

113 2368 161 2423 ter
183 2363 297 2440 agendo
317 2381 422 2442 parum
446 2363 638 2442 proficerent,
663 2362 872 2423 denuntiarent
893 2362 1072 2424 Samnitibus

113 2444 216 2526 populi
237 2446 363 2506 Romani
381 2455 557 2526 senatusque
578 2445 690 2517 verbis,
718 2454 751 2506 ut
774 2447 872 2525 Capua
893 2445 967 2506 urbe
987 2448 1071 2508 Gam-

113 2547 251 2610 panoque
265 2548 336 2607 agro
353 2530 544 2592 abstinerent.
574 2531 649 2590 haec
662 2524 767 2608 legatis
778 2530 959 2607 agentibus
951 2549 993 2590 m
1000 2548 1070 2592 con·
1057 2538 1110 2590 -ιι

113 2613 182 2672 cilio
206 2613 381 2674 Samnitium
408 2613 490 2674 adeo
503 2622 554 2675 est
573 2614 713 2674 ferociter
738 2631 927 2692 responsum,
954 2622 1070 2674 utnon
1133 2650 1137 2656 ·

112 2696 207 2770 solum
225 2702 360 2775 gesturos
375 2717 407 2757 se
424 2716 488 2758 esse
505 2698 639 2759 dicerent
657 2698 686 2758 id
701 2697 826 2767 bellum,
850 2698 900 2758 sed
916 2700 1070 2775 magistra-

112 2788 278 2841 tuscorum
294 2783 405 2842 ecuria
420 2782 532 2858 egressi
546 2779 690 2855 stantibus
711 2781 815 2860 legatis
836 2782 1001 2862 praefectos
1021 2798 1071 2841 co·
1079 2786 1112 2839 12
1143 2787 1145 2790 ’
1226 2821 1227 2825 ,

50 2931 53 2934 ,
113 2861 243 2925 hortium
260 2866 424 2925 vocarent
416 2867 510 2943 iisque
528 2852 606 2925 clara
624 2884 694 2925 voce
715 2867 910 2943 imperarent
931 2873 964 2927 ut
984 2883 1069 2966 prae·

112 2947 237 3044 datum'
230 2966 260 3006 m
276 2966 380 3026 agrum
396 2948 574 3026 Campanum
590 2948 736 3028 extemplo
749 2948 1055 3027 proficiscerentur.¹

177 3029 292 3090 xxxii.
326 3033 388 3092 Hac
408 3031 553 3110 legatione
568 3031 691 3092 Romam
710 3032 801 3093 relata
820 3034 923 3110 positis
936 3033 1126 3110 omniumt¹
1179 3019 1181 3022 ’
1219 3080 1220 3084 ,

102 3112 237 3175 aliarum
253 3131 353 3173 rerum
374 3117 452 3176 curis
472 3123 571 3194 patres
592 3114 739 3176 fetialibus
762 3115 797 3174 ad
824 3133 873 3174 res
894 3113 1069 3210 repetendas
1131 3133 1134 3137 ·
1179 3196 1181 3200 .

13 3239 15 3245 ,
113 3214 211 3257 missis
223 3192 376 3274 belloque
394 3217 461 3278 quta
473 3217 533 3258 non
549 3199 758 3266 redderentur,
777 3197 911 3257 sollemni
926 3214 1009 3256 more
1022 3214 1078 3254 m

113 3281 192 3340 dicto
208 3279 417 3352 decreverunt,
440 3290 473 3342 ut
487 3285 583 3360 primo
599 3275 714 3361 quoque
730 3289 863 3358 tempore
880 3279 916 3338 de
933 3298 966 3340 ea
984 3278 1078 3342 read

50 3405 52 3409 -
98 3363 255 3446 populum
277 3365 414 3425 serretur.
451 3367 590 3444 iussuque
616 3363 715 3443 populi
740 3361 874 3424 consules
894 3362 980 3423 ambo
1002 3369 1098 3423 cum!

113 3447 227 3508 duobm
243 3441 420 3516 exercitibus
436 3448 472 3509 ab
495 3449 573 3508 urbe
586 3467 640 3528 pro
644 3449 726 3550 lecti,
748 3445 910 3507 Valerius
901 3465 932 3506 m
943 3447 1069 3526 Campa-

59 3537 62 3541 ’
155 3562 180 3595 n
198 3563 260 3598 riri
280 3563 348 3596 rans
368 3535 863 3600 1'143
886 3585 888 3588 .
