2538 3946
336 327 431 371 uranu
447 329 523 370 1111.
539 307 579 393 [a.
589 311 630 373 Ο.
646 316 706 371 218.
722 306 784 392 217]
986 310 1048 372 259

364 658 551 722 renunculi
572 659 673 721 uteru
690 614 779 722 xxti.

154 823 279 874 Hannibal
296 841 342 891 per
353 826 486 877 continuas
503 828 602 894 vigilias
619 831 645 879 in
663 829 800 897 paludibus
816 830 889 880 oculo
908 828 1003 878 amisso
1020 828 1047 878 in

87 891 215 941 Etruriam
227 892 308 954 venit,
320 906 366 958 per
375 907 438 958 quas
450 891 557 962 paludes
575 897 715 959 quadriduo
727 906 752 946 et
763 898 845 947 tribus
862 896 977 946 noctibus
989 899 1046 946 sine

88 958 141 1008 nlla
153 958 240 1019 requie
252 958 300 1006 lter
310 958 383 1020 seut.
407 963 434 1014 G.
447 963 584 1014 Flaminius
597 964 699 1026 consul,
716 963 792 1014 homo
809 964 970 1024 temerarius,
984 977 1044 1012 con·

88 1033 128 1074 tra
139 1025 254 1090 auspicia
264 1025 394 1090 proiectus
406 1030 485 1094 signis
497 1031 648 1082 militaribus
661 1031 776 1094 effossis,
794 1045 859 1094 qnae
870 1031 923 1080 tolli
935 1043 984 1080 non
997 1043 1044 1094 po·

87 1101 183 1154 terant,
201 1102 226 1140 et
241 1091 274 1144 ab
292 1110 371 1159 equo,
389 1111 464 1160 quem
481 1097 675 1159 conscenderat,
692 1113 737 1163 per
749 1105 825 1163 capnt
843 1096 994 1156 devolutus,
1006 1097 1045 1144 in·

88 1156 163 1208 sidits
179 1159 212 1212 ab
229 1159 369 1213 Hannibale
384 1164 570 1214 circumventus
590 1164 623 1213 ad
646 1165 864 1228 Thrasymennum
885 1164 967 1212 lacum
988 1177 1045 1211 cnm

88 1224 203 1278 exercitu
219 1243 309 1279 caesus
322 1238 369 1280 est.
394 1245 441 1280 sex
457 1231 541 1292 milia,
559 1245 624 1294 quse
641 1239 788 1297 eruperant,
801 1230 851 1282 fide
863 1232 895 1280 ab
907 1229 1046 1278 Atherbale

88 1293 162 1356 tiata,
174 1295 280 1362 perfidia
288 1297 528 1346 Hannibalissincta
536 1305 604 1348 sunt.
625 1312 681 1347 curu
693 1299 726 1348 ad
737 1301 853 1348 nuntium
865 1297 1046 1346 cladisRomaa

88 1363 171 1412 luctus
181 1371 258 1426 esset,
271 1362 337 1412 duae
352 1369 446 1412 matres
458 1378 491 1414 ex
499 1364 629 1430 insperato
640 1365 749 1430 receptis
758 1365 817 1416 illlis
829 1365 922 1429 gaudio
932 1370 1046 1414 mortuae

89 1439 159 1478 sunt.
185 1429 218 1478 ob
230 1427 296 1477 lsano
316 1429 412 1478 cladem
430 1445 463 1478 ex
475 1429 606 1494 Sibyllinis
618 1431 690 1482 libris
702 1447 747 1480 ver
758 1446 858 1482 sacrum
869 1441 964 1483 votum.
988 1445 1045 1478 cnm

90 1493 184 1544 deinde
202 1495 230 1554 Q.
243 1495 337 1545 Fabius
354 1497 480 1546 Maximus
503 1497 610 1547 dictator
629 1499 752 1548 adversus
769 1497 933 1547 Hannibalem
950 1497 1045 1546 missus

88 1561 169 1610 nollet
179 1561 234 1610 acie
246 1575 303 1612 cum
317 1575 346 1611 eo
356 1563 503 1627 coniligerc,
517 1577 549 1613 ne
558 1570 644 1615 contre
655 1564 766 1614 ierooem
778 1573 815 1614 tot
824 1564 935 1614 victoriis
947 1561 1045 1612 bostem

89 1631 206 1678 territum
217 1628 331 1678 adversis
338 1629 442 1692 proeliis
452 1629 554 1680 militem
564 1633 843 1697 pugnaeoommitteret‚
856 1639 881 1680 et
892 1629 1044 1696 opponendo

89 1708 119 1744 se
131 1701 228 1746 tantum
240 1702 344 1744 conatus
356 1697 503 1748 Hannibalis
514 1698 648 1763 inpediret,
660 1699 694 1748 M.
705 1698 830 1749 Minucios
842 1699 962 1762 magister
973 1697 1045 1759 eqni·

89 1769 158 1820 tum,
170 1761 243 1810 ferox
256 1769 279 1810 et
291 1764 453 1826 temerarius,
466 1765 624 1814 criminando
637 1767 782 1816 dictatorem
795 1774 924 1828 tamqnam
942 1777 1046 1828 segnem

90 1837 116 1877 ct
127 1828 244 1878 timidum
257 1827 352 1894 effecit,
365 1839 393 1880 nt
404 1831 493 1897 populi
503 1833 576 1882 iussu
592 1844 743 1895 aequaretur
754 1833 777 1882 ei
790 1847 846 1882 curu
865 1833 985 1882 dictatore
996 1832 1045 1878 im·

87 1895 202 1960 perlnmt
214 1895 347 1959 divisoque
356 1899 469 1948 exercitu
479 1914 537 1950 cum
548 1900 635 1962 iniquo
644 1901 699 1950 loco
711 1899 879 1962 conflixisset,
893 1899 955 1948 etin
964 1897 1046 1946 maxi·

88 1975 132 2012 mo
150 1962 296 2012 discrimine
315 1963 428 2028 legiones
446 1966 500 2028 eins
517 1973 617 2026 essent,
639 1967 833 2032 superveniente
855 1981 913 2016 oum
930 1963 1042 2014 exercitu

87 2029 168 2078 Fabio
180 2028 291 2078 Maximo
303 2030 448 2081 discrimine
459 2033 580 2083 liberatus
592 2039 642 2084 est.
670 2047 720 2096 quo
731 2031 853 2082 beneflcio
864 2033 948 2080 victus
960 2037 1042 2079 castra

88 2110 148 2144 oum
161 2110 190 2145 eo
203 2095 286 2146 iunxit
292 2104 316 2145 et
325 2107 422 2163 patrem
428 2114 486 2148 eum
499 2099 626 2161 salutavit,
638 2099 756 2162 idemque
767 2097 947 2146 iaceremilites
958 2097 1041 2146 iussit.

87 2161 211 2212 Hannibal
223 2172 321 2213 vastata
332 2163 472 2229 Campania
487 2167 552 2214 inter
565 2165 702 2216 Casilinum
719 2164 843 2228 oppidum
860 2171 885 2212 et
897 2161 1042 2214 Calliculam

87 2238 200 2279 montem
211 2244 227 2278 a
238 2229 314 2279 Fabio
326 2229 413 2280 clusus
422 2232 555 2280 sarmentis
564 2231 597 2280 ad
607 2244 702 2281 cornua
712 2231 789 2281 boum
797 2229 905 2295 alligatis
917 2237 942 2278 et
954 2229 1040 2278 incen-

88 2297 126 2346 sis
137 2295 291 2362 praesidium
303 2295 487 2356 Romanorum,
504 2296 573 2357 quod
590 2297 734 2348 calliculam
745 2297 884 2359 insidebat,
902 2297 1001 2362 legavit
1017 2302 1043 2344 et

89 2363 127 2414 sic
138 2368 314 2425 transgressus
326 2371 365 2412 est
381 2362 482 2412 saltum.
505 2363 623 2427 idemque
634 2364 697 2414 Fabi
709 2364 813 2414 Maximi
826 2364 973 2424 dictatoris,
985 2377 1043 2412 enm

89 2429 268 2491 circumposita
285 2437 380 2487 ureret,
396 2443 457 2494 egro
476 2431 602 2494 pepercit,
618 2439 647 2479 ut
663 2431 733 2480 illum
749 2441 877 2494 tamqnam
888 2430 1044 2494 proditorem

89 2503 237 2561 suspectum
249 2494 349 2549 iaceret.
371 2495 479 2545 Aemilio
491 2496 584 2546 deinde
592 2497 669 2546 Paulo
687 2506 711 2545 et
722 2498 838 2546 Terentio
857 2497 970 2547 Varrone
982 2511 1044 2548 con·

89 2561 187 2612 sulibns
201 2569 225 2612 et
234 2561 340 2612 ducibus
349 2577 407 2612 cnm
419 2563 528 2614 maxima
538 2563 609 2613 clade
621 2563 742 2615 adversm
751 2563 918 2624 Hannibalem
930 2565 964 2614 ad
976 2563 1042 2614 Gan-

89 2643 136 2680 nas
152 2636 292 2694 pugnatum
315 2637 368 2690 est,
385 2643 509 2695 caesaque
531 2644 560 2680 eo
576 2630 672 2696 proelio
689 2632 862 2688 Romanorum
878 2630 1044 2695 quadraginta

89 2696 202 2762 quinque
213 2695 281 2745 milia
298 2711 356 2746 cum
367 2697 445 2747 Paulo
468 2696 573 2749 consule
585 2706 610 2747 et
621 2699 778 2749 senatoribus
787 2699 934 2764 ‘nonaginta
946 2705 971 2746 et
980 2711 1043 2746 con·

89 2763 215 2815 sularibus
227 2773 270 2812 aut
281 2764 413 2829 praetoriis
426 2773 469 2815 aut
481 2765 603 2815 aediliciis
615 2765 725 2829 triginta.
749 2771 808 2831 post
826 2779 890 2827 quae
902 2779 960 2814 oum
971 2779 987 2813 a
999 2778 1044 2814 no-

88 2831 182 2881 bilibus
203 2826 407 2881 adulescentibus
422 2839 527 2948 propter
544 2833 744 2898 desperationem
760 2832 895 2882 eonsilium
918 2831 949 2881 de
965 2831 1041 2880 relin-

89 2897 190 2962 quenda
205 2897 277 2948 ltalia
292 2897 410 2962 iniretur,
450 2934 458 2950 .
472 2899 604 2950 Cornelius
622 2899 707 2965 Scipio
723 2900 841 2948 tribuous
857 2898 978 2959 militnm,
1000 2898 1043 2960 qui

88 2963 223 3015 Airicanus
259 2973 330 3017 osten
345 2973 452 3018 vocatus
468 2975 520 3026 est,
545 2967 633 3018 stricto
650 2982 728 3034 super
746 2966 832 3033 capita
852 2965 1042 3016 deliberantium

88 3029 156 3080 ierro
174 3032 265 3081 iurarit
276 3047 304 3082 se
321 3049 367 3100 pro
388 3033 461 3085 hoste
481 3032 626 3086 habiturum
638 3049 709 3096 eum,
729 3034 772 3099 qui
793 3034 819 3084 in
838 3034 916 3084 verba
933 3045 1044 3082 suanos

89 3099 212 3156 iurasset,
236 3099 382 3164 effecitque,
403 3109 431 3152 nt
443 3116 531 3152 omnes
552 3116 602 3153 non
614 3103 730 3153 relictum
749 3101 780 3150 iri
795 3117 811 3150 u
830 3115 858 3150 se
870 3100 969 3148 Italiam
988 3098 1045 3146 iure

89 3162 197 3213 iurando
222 3165 445 3230 adstringerentur.
479 3177 582 3234 propter
597 3171 749 3233 paucitatem
768 3166 875 3216 miiitum
896 3173 952 3213 octo
972 3161 1044 3210 milia

90 3243 221 3281 servornm
238 3240 334 3280 anneta
344 3243 412 3286 sunt.
434 3235 540 3298 captivi,
557 3249 616 3283 cunt
627 3241 742 3299 potestas
753 3239 821 3283 esset
835 3229 990 3291 redimendi,
1002 3241 1044 3277 re·

90 3297 187 3361 dempti
198 3310 248 3345 non
260 3304 328 3347 sunt.
352 3308 481 3365 praeterea
491 3301 685 3364 trepidationem
696 3299 767 3349 urbis
779 3305 804 3348 et
819 3299 914 3348 lactum
927 3304 952 3344 et
962 3310 1003 3344 res
1016 3295 1042 3342 in
1112 3301 1114 3306 '

89 3363 211 3428 Hispania
222 3364 328 3413 meliore
340 3374 433 3415 eventu
440 3374 527 3430 gestas
538 3367 657 3416 continet.
674 3365 772 3433 Opimia
781 3371 805 3414 et
814 3363 938 3414 Florentia
949 3361 1042 3411 Vesta·

90 3431 127 3480 les
139 3430 251 3496 virgines
263 3431 353 3481 incesti
364 3431 498 3482 damnatae
509 3439 577 3482 sunt.
605 3432 713 3482 Varroni
724 3432 826 3484 obviam
837 3431 900 3480 itum
912 3428 1043 3492 engratiae

89 3504 172 3558 actae,
185 3497 254 3560 quod
265 3497 297 3547 de
308 3499 448 3566 republica
460 3513 510 3549 non
522 3497 691 3566 desperasset.

779 3651 841 3716 17·
