2546 3936
200 169 241 235 68
342 185 437 228 uasa
448 185 517 227 rur.
533 184 601 228 one.
617 171 659 226 18.
677 169 718 225 19.
735 161 774 245 [a.
789 185 819 225 u.
836 185 862 224 c.
877 171 938 224 423.
951 161 1014 244 424]

199 331 437 476 proditumlalso
451 349 530 431 esse,
546 333 665 431 reperis
677 331 864 430 absumptos,
880 348 1006 429 quorum
1018 347 1099 391 mors
1113 331 1163 392 iu·

169 425 307 561 tritt
321 415 1163 578 :littl‘llzll:illitrdlltllttlttr

201 586 347 664 primores
359 585 482 645 civitatis
497 582 642 643 similibus
654 581 765 642 morbis
776 581 938 662 eodemque
948 582 1043 642 lerme
1054 599 1163 643 omnes

200 675 305 729 everrtu
319 675 531 734 morerenturr
542 664 647 727 ancilla
662 665 804 743 quaedam
825 665 862 726 ad
877 666 912 736 Q.
930 665 1051 726 Fabium
1067 665 1162 726 Maxi·

200 770 280 812 mum
300 749 424 811 aedilem
446 749 578 810 curulem
596 749 790 810 indicaturam
812 768 843 810 se
877 767 994 810 causam
1023 746 1162 826 publicae

199 836 289 915 pestis
300 833 431 914 professa
445 840 503 904 est,
515 835 541 894 si
553 832 589 894 ab
601 831 721 894 eolides
733 833 791 893 sibi
801 833 868 893 data
881 840 970 902 esset,
986 831 1065 892 haud
1080 831 1160 892 lutu-

167 924 265 979 erum
283 919 388 978 noxiae
403 916 553 978 indicium.
583 915 690 977 Fabius
704 917 860 977 confestim
878 933 941 977 reru
957 915 993 977 ad
1011 915 1159 985 consules,

200 1001 335 1062 consules
353 999 389 1061 ad
409 1009 542 1062 senatum
565 1000 713 1068 referunt.
740 1017 943 1079 consensuque
959 999 1072 1061 ordinis
1085 999 1161 1059 tides

168 1085 289 1146 uindici
317 1084 392 1145 data.
429 1092 490 1145 tum
512 1084 689 1164 patefactum
717 1083 855 1145 muliebri
881 1083 984 1146 fraude
1012 1084 1160 1144 civitatem

198 1169 294 1247 premi
316 1175 522 1247 matronasque
546 1186 581 1229 ea
597 1186 707 1228 verrena
724 1185 866 1246 coquere,
888 1174 932 1238 et,
954 1167 980 1228 si
1004 1167 1087 1245 sequi
1108 1185 1159 1228 ex·
1246 1205 1247 1226 l

167 1259 183 1307 t
199 1252 308 1331 templo
323 1250 420 1321 velint,
437 1251 593 1314 manifesto
605 1251 787 1330 deprehendi
797 1269 894 1330 posse.
922 1252 1015 1311 secuti
1029 1250 1159 1312 indicem

199 1344 229 1396 et
246 1337 398 1415 coquentis
415 1336 554 1416 quasdam
576 1336 790 1397 medicamenta
810 1342 840 1396 et
861 1334 1012 1395 recondita
1035 1334 1090 1394 alia
1111 1335 1158 1394 in·

104 1433 106 1438 ’
167 1425 350 1481 evenerunt.
381 1420 488 1498 quibus
504 1421 535 1480 in
554 1420 650 1480 iorum
665 1418 768 1480 delatis
785 1426 815 1479 et
834 1419 871 1478 ad
889 1419 993 1503 viginti
1006 1419 1155 1487 matronis,
1246 1457 1247 1476 2

198 1503 276 1583 apud
297 1522 369 1582 quas
392 1503 575 1582 deprehensa
596 1510 694 1572 erant,
718 1521 771 1581 Per
797 1502 936 1563 viatorem
952 1502 1066 1571 accitis,
1083 1501 1159 1563 duae
1246 1521 1247 1542 ¹

199 1606 235 1648 ex
250 1589 292 1646 eis
307 1585 441 1648 Cornelia
463 1604 497 1646 ac
514 1586 631 1664 Sergia,
655 1586 795 1664 patriciae
818 1594 940 1664 utraque
961 1586 1070 1662 gentis,
1089 1604 1157 1646 cum
1246 1597 1247 1652 l

199 1688 233 1729 ea
246 1669 458 1729 medicamenta
470 1668 597 1729 salubria
611 1687 675 1729 esse
685 1669 914 1738 contenderent,
934 1668 970 1729 ab
985 1668 1157 1730 contutante

198 1751 296 1813 indice
309 1751 412 1812 bibere
426 1753 537 1823 iussae,
561 1760 594 1814 nt
607 1770 640 1812 sc
656 1752 760 1814 laisum
776 1761 973 1814 commentam
987 1760 1156 1830 arguerent,
1246 1757 1247 1798 l

165 1844 183 1894 a
199 1837 293 1915 spatio
309 1835 345 1896 ad
361 1835 596 1915 conloquendum
613 1845 730 1915 sumpto
752 1854 819 1897 oum
841 1843 987 1896 summoto
1002 1834 1110 1914 populo
1126 1838 1155 1895 in
1246 1849 1247 1904 l

199 1927 358 1997 conspectu
373 1922 504 1980 omnium
519 1939 582 1980 rem
601 1921 637 1981 a'd
663 1929 776 1982 ceteras
794 1919 991 1986 rettulissent,
1007 1919 1085 1979 haud
1104 1919 1155 1980 ab·

199 2002 355 2064 ruentibus
370 2012 401 2063 et
411 2003 467 2062 illis
481 2003 600 2075 bibere,
617 2011 705 2082 epoto
717 2003 932 2064 medicamento
946 2011 1060 2063 suamet
1076 2004 1156 2082 ipsae
1246 2053 1247 2060 ,

159 2086 302 2147 tolraude
318 2105 421 2147 omnes
438 2088 621 2148 interierunt.
653 2088 874 2164 conprehensae
890 2084 1037 2163 extemplo
1053 2104 1154 2148 earum

199 2171 322 2230 comites
339 2187 477 2248 magnum
493 2187 648 2232 numerum
666 2179 867 2231 matronarum
881 2168 1100 2240 indicaverunt;
1120 2189 1155 2231 er

159 2253 303 2332 siquibus
318 2253 354 2314 ad
370 2263 488 2314 centum
507 2255 691 2332 septuaginta
707 2253 869 2315 damnatae.
903 2271 998 2331 nequo
1013 2253 1154 2336 devene-

197 2338 270 2396 deiis
291 2347 358 2398 ante
381 2356 445 2398 eam
467 2338 544 2399 diem
565 2339 674 2399 lionaae
697 2340 861 2416 quaesitum
885 2345 938 2397 est.
974 2337 1102 2416 prodigii
1121 2356 1155 2398 ea

198 2439 246 2479 res
261 2420 327 2480 loco
341 2420 454 2490 habita,
472 2423 624 2502 captisque
633 2421 727 2499 magis
738 2420 886 2481 mentibus
901 2437 989 2499 quam
1005 2419 1154 2482 conscele-

159 2505 271 2564 iuratis
286 2503 389 2563 similis
400 2506 468 2565 risa.
491 2507 589 2584 itaque
606 2505 748 2566 memoria
765 2510 804 2564 ex‘
816 2504 970 2564 annalibus
985 2505 1110 2582 repetita
1123 2506 1154 2565 in

199 2587 415 2648 secessionibus
432 2588 579 2667 qnondam
598 2589 693 2668 plebis
714 2586 826 2649 clavum
844 2587 881 2648 ab
898 2588 1040 2649 dictatore
1055 2589 1153 2656 lixum,

198 2670 394 2749 alienatasque
410 2669 555 2732 discordia
571 2671 849 2732 mentes'hominum
864 2690 899 2731 eo
915 2669 1029 2749 piactdo
1044 2689 1153 2750 conpo-

198 2762 242 2814 tes
253 2756 299 2813 sui
313 2753 426 2822 iecisse.
439 2755 611 2816 dictatorem
624 2754 696 2816 clari
708 2755 817 2830 ligendi
827 2771 916 2816 causa
929 2756 1024 2816 creari
1037 2754 1152 2833 placuit.

157 2841 315 2896 ltereatus
335 2837 387 2897 Cn.
408 2838 582 2908 Quinctilius
602 2840 774 2916 magistrum
801 2840 932 2920 equitum
952 2838 984 2898 L.
1007 2837 1153 2901 Valerium

198 2919 285 2988 dixit,
302 2921 352 2998 qui
366 2921 422 2981 lixo
437 2921 518 2981 clavo
536 2923 707 2997 magistratu
723 2940 755 2982 se
771 2921 990 2984 abdicaverunt.

169 3011 181 3060 l
259 3003 333 3063 xlx.
380 3003 476 3065 Creati
492 3004 626 3064 consules
641 3005 673 3064 L.
690 3005 823 3084 Papirius
847 3005 968 3068 Crassus
997 3006 1103 3067 iterum
1119 3007 1151 3067 L.
1246 3059 1247 3084 ς

196 3086 327 3148 Plautius
351 3089 459 3148 Venox.
500 3089 582 3148 cuius
602 3089 752 3168 principio,
773 3091 842 3150 anni
867 3090 956 3167 legati
983 3108 1018 3149 er
1043 3088 1153 3151 Volscis

199 3170 372 3230 Fabraterni
384 3179 414 3230 et
424 3170 534 3231 Lucani
549 3172 670 3233 llomam
682 3181 825 3233 venerunt
839 3181 966 3242 orantes,
982 3175 1053 3234 utin
1065 3172 1152 3236 iidem
1246 3183 1247 3244 ξ

167 3263 183 3308 2
197 3256 417 3331 reciperentur:
435 3257 459 3314 si
475 3272 491 3314 a
507 3255 679 3316 Samnitium
695 3259 783 3316 armis
798 3256 911 3317 detonsi
923 3264 1033 3325 essent,
1050 3275 1081 3316 se
1097 3255 1151 3318 sub

199 3337 323 3413 imperio
338 3337 437 3416 populi
449 3339 572 3398 Romani
590 3339 713 3399 fideliter
726 3347 812 3418 atque
825 3339 1015 3401 oboedienter
1028 3340 1150 3403 futuros.
1246 3387 1247 3412 2

167 3419 280 3478 amissi
303 3429 364 3480 tum
385 3420 421 3481 ab
442 3431 545 3483 senatu
573 3421 660 3502 legati
681 3423 941 3504 denuntiatumque
963 3423 1142 3486 Samnilibus
1246 3465 1247 3472 κ
