<?xml version="1.0" encoding="UTF-8"?>
<!DOCTYPE html PUBLIC "-//W3C//DTD XHTML 1.0 Transitional//EN"
    "http://www.w3.org/TR/xhtml1/DTD/xhtml1-transitional.dtd">
<html xmlns="http://www.w3.org/1999/xhtml" xml:lang="en" lang="en">
 <head>
  <title>
</title>
<meta http-equiv="Content-Type" content="text/html;charset=utf-8" />
  <meta name='ocr-system' content='tesseract 3.04.00' />
  <meta name='ocr-capabilities' content='ocr_page ocr_carea ocr_par ocr_line ocrx_word'/>
</head>
<body>
  <div class='ocr_page' id='page_1' title='image "./aburbeconditali08livygoog_0308.png"; bbox 0 0 2538 3946; ppageno 0'>
   <div class='ocr_carea' id='block_1_1' title="bbox 162 183 919 301">
    <p class='ocr_par' dir='ltr' id='par_1_1' title="bbox 162 183 919 301">
     <span class='ocr_line' id='line_1_1' title="bbox 162 183 919 301; baseline -0.021 -11"><span class='ocrx_word' id='word_1_1' title='bbox 162 225 225 290; x_wconf 79' lang='lat' dir='ltr'>too</span> <span class='ocrx_word' id='word_1_2' title='bbox 360 239 455 281; x_wconf 78' lang='lat' dir='ltr'>mm</span> <span class='ocrx_word' id='word_1_3' title='bbox 466 241 499 285; x_wconf 65' lang='lat' dir='ltr'>x„</span> <span class='ocrx_word' id='word_1_4' title='bbox 516 237 585 282; x_wconf 79' lang='lat' dir='ltr'>oar.</span> <span class='ocrx_word' id='word_1_5' title='bbox 601 225 645 282; x_wconf 81' lang='lat' dir='ltr'>ls,</span> <span class='ocrx_word' id='word_1_6' title='bbox 660 225 703 280; x_wconf 82' lang='grc'>19.</span> <span class='ocrx_word' id='word_1_7' title='bbox 719 214 760 298; x_wconf 72' lang='lat' dir='ltr'>[a.</span> <span class='ocrx_word' id='word_1_8' title='bbox 770 183 805 281; x_wconf 65' lang='lat' dir='ltr'>m</span> <span class='ocrx_word' id='word_1_9' title='bbox 817 240 844 282; x_wconf 80' lang='lat' dir='ltr'>o.</span> <span class='ocrx_word' id='word_1_10' title='bbox 855 215 919 301; x_wconf 76' lang='lat'>458]</span> 
     </span>
    </p>
   </div>
   <div class='ocr_carea' id='block_1_2' title="bbox 137 381 1128 1636">
    <p class='ocr_par' dir='ltr' id='par_1_2' title="bbox 137 381 1128 1636">
     <span class='ocr_line' id='line_1_2' title="bbox 162 381 1124 466; baseline -0.001 -18"><span class='ocrx_word' id='word_1_11' title='bbox 162 395 197 449; x_wconf 95' lang='lat' dir='ltr'>ut</span> <span class='ocrx_word' id='word_1_12' title='bbox 209 386 350 466; x_wconf 83' lang='lat' dir='ltr'>quosdam</span> <span class='ocrx_word' id='word_1_13' title='bbox 370 393 537 465; x_wconf 79' lang='lat' dir='ltr'><strong>spectantes</strong></span> <span class='ocrx_word' id='word_1_14' title='bbox 553 388 612 446; x_wconf 90' lang='lat' dir='ltr'>iam</span> <span class='ocrx_word' id='word_1_15' title='bbox 627 404 709 446; x_wconf 76' lang='lat' dir='ltr'>mma</span> <span class='ocrx_word' id='word_1_16' title='bbox 723 385 859 445; x_wconf 85' lang='lat' dir='ltr'>Etruriae</span> <span class='ocrx_word' id='word_1_17' title='bbox 878 381 1004 463; x_wconf 90' lang='lat' dir='ltr'>populos</span> <span class='ocrx_word' id='word_1_18' title='bbox 1024 393 1124 447; x_wconf 87' lang='lat' dir='ltr'>metus</span> 
     </span>
     <span class='ocr_line' id='line_1_3' title="bbox 163 468 1125 548; baseline -0.001 -16"><span class='ocrx_word' id='word_1_19' title='bbox 163 471 288 533; x_wconf 82' lang='lat' dir='ltr'>Romani</span> <span class='ocrx_word' id='word_1_20' title='bbox 304 471 430 530; x_wconf 89' lang='lat' dir='ltr'>nominis</span> <span class='ocrx_word' id='word_1_21' title='bbox 446 472 659 548; x_wconf 87' lang='lat' dir='ltr'>conprimeret,</span> <span class='ocrx_word' id='word_1_22' title='bbox 685 488 772 547; x_wconf 91' lang='lat' dir='ltr'>quam</span> <span class='ocrx_word' id='word_1_23' title='bbox 790 468 869 548; x_wconf 85' lang='lat' dir='ltr'>quod</span> <span class='ocrx_word' id='word_1_24' title='bbox 889 468 979 528; x_wconf 90' lang='lat' dir='ltr'>ductu</span> <span class='ocrx_word' id='word_1_25' title='bbox 993 468 1125 531; x_wconf 90' lang='lat' dir='ltr'>consulis</span> 
     </span>
     <span class='ocr_line' id='line_1_4' title="bbox 137 552 1125 635; baseline -0.001 -21"><span class='ocrx_word' id='word_1_26' title='bbox 137 556 322 635; x_wconf 71' lang='lat' dir='ltr'>equiequam</span> <span class='ocrx_word' id='word_1_27' title='bbox 343 553 385 614; x_wconf 92' lang='lat' dir='ltr'>ibi</span> <span class='ocrx_word' id='word_1_28' title='bbox 406 556 477 614; x_wconf 90' lang='lat' dir='ltr'>satis</span> <span class='ocrx_word' id='word_1_29' title='bbox 497 555 569 612; x_wconf 86' lang='lat' dir='ltr'>scite</span> <span class='ocrx_word' id='word_1_30' title='bbox 585 560 635 613; x_wconf 92' lang='lat' dir='ltr'>aut</span> <span class='ocrx_word' id='word_1_31' title='bbox 653 553 801 614; x_wconf 75' lang='lat' dir='ltr'>fortunate</span> <span class='ocrx_word' id='word_1_32' title='bbox 821 560 935 629; x_wconf 89' lang='lat' dir='ltr'>gestum</span> <span class='ocrx_word' id='word_1_33' title='bbox 952 554 999 612; x_wconf 85' lang='lat' dir='ltr'>sit</span> <span class='ocrx_word' id='word_1_34' title='bbox 1030 552 1125 614; x_wconf 87' lang='lat' dir='ltr'>multa</span> 
     </span>
     <span class='ocr_line' id='line_1_5' title="bbox 163 635 1124 719; baseline -0.003 -20"><span class='ocrx_word' id='word_1_35' title='bbox 163 638 276 719; x_wconf 87' lang='lat' dir='ltr'>proelia</span> <span class='ocrx_word' id='word_1_36' title='bbox 288 637 399 698; x_wconf 91' lang='lat' dir='ltr'>lociset</span> <span class='ocrx_word' id='word_1_37' title='bbox 408 637 591 716; x_wconf 72' lang='lat' dir='ltr'><strong>temporibus</strong></span> <span class='ocrx_word' id='word_1_38' title='bbox 597 638 705 715; x_wconf 87' lang='lat' dir='ltr'>iniquis</span> <span class='ocrx_word' id='word_1_39' title='bbox 712 639 876 706; x_wconf 84' lang='lat' dir='ltr'>commissa,</span> <span class='ocrx_word' id='word_1_40' title='bbox 888 653 1013 714; x_wconf 78' lang='lat' dir='ltr'>spesque</span> <span class='ocrx_word' id='word_1_41' title='bbox 1021 635 1124 696; x_wconf 87' lang='lat' dir='ltr'>indies</span> 
     </span>
     <span class='ocr_line' id='line_1_6' title="bbox 164 719 1125 802; baseline -0.004 -20"><span class='ocrx_word' id='word_1_42' title='bbox 164 725 328 801; x_wconf 72' lang='lat' dir='ltr'>gratiorem</span> <span class='ocrx_word' id='word_1_43' title='bbox 341 721 456 782; x_wconf 89' lang='lat' dir='ltr'>bostem</span> <span class='ocrx_word' id='word_1_44' title='bbox 471 719 609 790; x_wconf 77' lang='lat' dir='ltr'>faciebat,</span> <span class='ocrx_word' id='word_1_45' title='bbox 625 729 655 780; x_wconf 89' lang='lat' dir='ltr'>et</span> <span class='ocrx_word' id='word_1_46' title='bbox 665 723 724 780; x_wconf 89' lang='lat' dir='ltr'>iarn</span> <span class='ocrx_word' id='word_1_47' title='bbox 739 737 832 800; x_wconf 82' lang='lat' dir='ltr'>prope</span> <span class='ocrx_word' id='word_1_48' title='bbox 847 725 925 789; x_wconf 92' lang='lat' dir='ltr'>erat,</span> <span class='ocrx_word' id='word_1_49' title='bbox 941 726 975 779; x_wconf 92' lang='lat' dir='ltr'>ut</span> <span class='ocrx_word' id='word_1_50' title='bbox 987 737 1044 778; x_wconf 90' lang='lat' dir='ltr'>nec</span> <span class='ocrx_word' id='word_1_51' title='bbox 1055 719 1125 802; x_wconf 86' lang='lat' dir='ltr'>duci</span> 
     </span>
     <span class='ocr_line' id='line_1_7' title="bbox 138 802 1124 880; baseline -0.002 -15"><span class='ocrx_word' id='word_1_52' title='bbox 138 805 272 867; x_wconf 75' lang='lat' dir='ltr'>milites</span> <span class='ocrx_word' id='word_1_53' title='bbox 285 823 341 864; x_wconf 90' lang='lat' dir='ltr'>nec</span> <span class='ocrx_word' id='word_1_54' title='bbox 355 804 496 865; x_wconf 81' lang='lat' dir='ltr'>militibus</span> <span class='ocrx_word' id='word_1_55' title='bbox 510 803 569 864; x_wconf 85' lang='lat' dir='ltr'>dux</span> <span class='ocrx_word' id='word_1_56' title='bbox 583 805 654 863; x_wconf 89' lang='lat' dir='ltr'>satis</span> <span class='ocrx_word' id='word_1_57' title='bbox 666 804 780 864; x_wconf 80' lang='lat' dir='ltr'>fideret</span> <span class='ocrx_word' id='word_1_58' title='bbox 807 803 920 863; x_wconf 80' lang='lat' dir='ltr'>litteras</span> <span class='ocrx_word' id='word_1_59' title='bbox 931 802 969 862; x_wconf 93' lang='lat' dir='ltr'>ad</span> <span class='ocrx_word' id='word_1_60' title='bbox 981 802 1124 880; x_wconf 81' lang='lat' dir='ltr'><strong>collegam</strong></span> 
     </span>
     <span class='ocr_line' id='line_1_8' title="bbox 164 885 1124 950; baseline -0.004 0"><span class='ocrx_word' id='word_1_61' title='bbox 164 888 376 950; x_wconf 89' lang='lat' dir='ltr'>accersendum</span> <span class='ocrx_word' id='word_1_62' title='bbox 392 906 428 948; x_wconf 84' lang='lat' dir='ltr'>ex</span> <span class='ocrx_word' id='word_1_63' title='bbox 438 889 558 948; x_wconf 87' lang='lat' dir='ltr'>Samnio</span> <span class='ocrx_word' id='word_1_64' title='bbox 567 889 671 948; x_wconf 84' lang='lat' dir='ltr'>missas</span> <span class='ocrx_word' id='word_1_65' title='bbox 684 889 714 947; x_wconf 93' lang='lat' dir='ltr'>in</span> <span class='ocrx_word' id='word_1_66' title='bbox 726 889 812 947; x_wconf 86' lang='lat' dir='ltr'>trinis</span> <span class='ocrx_word' id='word_1_67' title='bbox 822 885 977 946; x_wconf 77' lang='lat' dir='ltr'>annalibus</span> <span class='ocrx_word' id='word_1_68' title='bbox 990 887 1124 947; x_wconf 86' lang='lat' dir='ltr'>invenio:</span> 
     </span>
     <span class='ocr_line' id='line_1_9' title="bbox 163 969 1126 1052; baseline -0.002 -20"><span class='ocrx_word' id='word_1_69' title='bbox 163 973 246 1052; x_wconf 92' lang='lat' dir='ltr'>piget</span> <span class='ocrx_word' id='word_1_70' title='bbox 259 980 358 1032; x_wconf 91' lang='lat' dir='ltr'>tamen</span> <span class='ocrx_word' id='word_1_71' title='bbox 372 971 403 1031; x_wconf 90' lang='lat' dir='ltr'>id</span> <span class='ocrx_word' id='word_1_72' title='bbox 413 977 526 1031; x_wconf 92' lang='lat' dir='ltr'>certum</span> <span class='ocrx_word' id='word_1_73' title='bbox 544 989 669 1049; x_wconf 91' lang='lat' dir='ltr'>ponere,</span> <span class='ocrx_word' id='word_1_74' title='bbox 685 989 752 1032; x_wconf 92' lang='lat' dir='ltr'>cum</span> <span class='ocrx_word' id='word_1_75' title='bbox 763 990 798 1031; x_wconf 91' lang='lat' dir='ltr'>ea</span> <span class='ocrx_word' id='word_1_76' title='bbox 815 973 879 1049; x_wconf 88' lang='lat' dir='ltr'>ipsa</span> <span class='ocrx_word' id='word_1_77' title='bbox 895 972 975 1030; x_wconf 91' lang='lat' dir='ltr'>inter</span> <span class='ocrx_word' id='word_1_78' title='bbox 988 969 1126 1030; x_wconf 81' lang='lat' dir='ltr'>consules</span> 
     </span>
     <span class='ocr_line' id='line_1_10' title="bbox 164 1053 1124 1135; baseline -0.002 -21"><span class='ocrx_word' id='word_1_79' title='bbox 164 1055 267 1135; x_wconf 93' lang='lat' dir='ltr'>populi</span> <span class='ocrx_word' id='word_1_80' title='bbox 281 1055 420 1124; x_wconf 82' lang='lat' dir='ltr'>Romani,</span> <span class='ocrx_word' id='word_1_81' title='bbox 439 1055 499 1114; x_wconf 90' lang='lat' dir='ltr'>iam</span> <span class='ocrx_word' id='word_1_82' title='bbox 514 1056 620 1115; x_wconf 89' lang='lat' dir='ltr'>iterum</span> <span class='ocrx_word' id='word_1_83' title='bbox 636 1054 741 1116; x_wconf 88' lang='lat' dir='ltr'>eodem</span> <span class='ocrx_word' id='word_1_84' title='bbox 756 1055 870 1114; x_wconf 92' lang='lat' dir='ltr'>bonore</span> <span class='ocrx_word' id='word_1_85' title='bbox 884 1054 1047 1132; x_wconf 83' lang='lat' dir='ltr'>fungentis,</span> <span class='ocrx_word' id='word_1_86' title='bbox 1064 1053 1124 1112; x_wconf 93' lang='lat' dir='ltr'>dis·</span> 
     </span>
     <span class='ocr_line' id='line_1_11' title="bbox 166 1135 1124 1216; baseline -0.002 -18"><span class='ocrx_word' id='word_1_87' title='bbox 166 1139 293 1216; x_wconf 79' lang='lat' dir='ltr'>captatio</span> <span class='ocrx_word' id='word_1_88' title='bbox 315 1137 418 1207; x_wconf 87' lang='lat' dir='ltr'>luerit,</span> <span class='ocrx_word' id='word_1_89' title='bbox 439 1136 534 1216; x_wconf 80' lang='lat' dir='ltr'>Appio</span> <span class='ocrx_word' id='word_1_90' title='bbox 554 1138 703 1199; x_wconf 82' lang='lat' dir='ltr'>abnuente</span> <span class='ocrx_word' id='word_1_91' title='bbox 722 1141 840 1208; x_wconf 86' lang='lat' dir='ltr'>missas,</span> <span class='ocrx_word' id='word_1_92' title='bbox 860 1137 1015 1197; x_wconf 84' lang='lat' dir='ltr'>Volumnio</span> <span class='ocrx_word' id='word_1_93' title='bbox 1037 1135 1124 1196; x_wconf 86' lang='lat' dir='ltr'>adfir-</span> 
     </span>
     <span class='ocr_line' id='line_1_12' title="bbox 137 1219 1126 1298; baseline -0.006 -12"><span class='ocrx_word' id='word_1_94' title='bbox 137 1231 265 1286; x_wconf 73' lang='lat' dir='ltr'>tmante</span> <span class='ocrx_word' id='word_1_95' title='bbox 280 1221 355 1298; x_wconf 80' lang='lat' dir='ltr'>Appi</span> <span class='ocrx_word' id='word_1_96' title='bbox 375 1238 407 1280; x_wconf 90' lang='lat' dir='ltr'>se</span> <span class='ocrx_word' id='word_1_97' title='bbox 426 1219 532 1281; x_wconf 89' lang='lat' dir='ltr'>litteris</span> <span class='ocrx_word' id='word_1_98' title='bbox 548 1224 683 1283; x_wconf 91' lang='lat' dir='ltr'>accitum.</span> <span class='ocrx_word' id='word_1_99' title='bbox 710 1222 768 1282; x_wconf 90' lang='lat' dir='ltr'>iam</span> <span class='ocrx_word' id='word_1_100' title='bbox 778 1221 950 1282; x_wconf 90' lang='lat' dir='ltr'>Volumnius</span> <span class='ocrx_word' id='word_1_101' title='bbox 961 1221 993 1278; x_wconf 93' lang='lat' dir='ltr'>in</span> <span class='ocrx_word' id='word_1_102' title='bbox 1005 1219 1126 1280; x_wconf 87' lang='lat' dir='ltr'>Samnio</span> 
     </span>
     <span class='ocr_line' id='line_1_13' title="bbox 165 1302 1127 1385; baseline -0.004 -19"><span class='ocrx_word' id='word_1_103' title='bbox 165 1305 222 1366; x_wconf 86' lang='lat' dir='ltr'>tria</span> <span class='ocrx_word' id='word_1_104' title='bbox 237 1302 354 1365; x_wconf 79' lang='lat' dir='ltr'>castella</span> <span class='ocrx_word' id='word_1_105' title='bbox 371 1312 503 1384; x_wconf 85' lang='lat' dir='ltr'>ceperat,</span> <span class='ocrx_word' id='word_1_106' title='bbox 519 1306 551 1364; x_wconf 93' lang='lat' dir='ltr'>in</span> <span class='ocrx_word' id='word_1_107' title='bbox 562 1306 669 1385; x_wconf 88' lang='lat' dir='ltr'>quibus</span> <span class='ocrx_word' id='word_1_108' title='bbox 679 1306 716 1367; x_wconf 88' lang='lat' dir='ltr'>ad</span> <span class='ocrx_word' id='word_1_109' title='bbox 729 1307 787 1366; x_wconf 89' lang='lat' dir='ltr'>tria</span> <span class='ocrx_word' id='word_1_110' title='bbox 801 1304 882 1364; x_wconf 89' lang='lat' dir='ltr'>milia</span> <span class='ocrx_word' id='word_1_111' title='bbox 896 1305 1025 1364; x_wconf 92' lang='lat' dir='ltr'>hostium</span> <span class='ocrx_word' id='word_1_112' title='bbox 1040 1321 1127 1362; x_wconf 88' lang='lat' dir='ltr'>caesa</span> 
     </span>
     <span class='ocr_line' id='line_1_14' title="bbox 166 1387 1126 1468; baseline -0.003 -19"><span class='ocrx_word' id='word_1_113' title='bbox 166 1396 264 1457; x_wconf 89' lang='lat' dir='ltr'>erant,</span> <span class='ocrx_word' id='word_1_114' title='bbox 278 1388 430 1449; x_wconf 90' lang='lat' dir='ltr'>dimidium</span> <span class='ocrx_word' id='word_1_115' title='bbox 441 1389 504 1449; x_wconf 89' lang='lat' dir='ltr'>lere</span> <span class='ocrx_word' id='word_1_116' title='bbox 516 1391 578 1449; x_wconf 86' lang='lat' dir='ltr'>eius</span> <span class='ocrx_word' id='word_1_117' title='bbox 586 1398 719 1468; x_wconf 88' lang='lat' dir='ltr'>captum,</span> <span class='ocrx_word' id='word_1_118' title='bbox 731 1389 953 1449; x_wconf 89' lang='lat' dir='ltr'>etLucauorum</span> <span class='ocrx_word' id='word_1_119' title='bbox 964 1387 1126 1447; x_wconf 85' lang='lat' dir='ltr'>seditiones</span> 
     </span>
     <span class='ocr_line' id='line_1_15' title="bbox 165 1471 1127 1552; baseline -0.005 -18"><span class='ocrx_word' id='word_1_120' title='bbox 165 1491 183 1534; x_wconf 80' lang='lat' dir='ltr'>a</span> <span class='ocrx_word' id='word_1_121' title='bbox 202 1471 317 1552; x_wconf 86' lang='lat' dir='ltr'>plebeis</span> <span class='ocrx_word' id='word_1_122' title='bbox 338 1479 368 1532; x_wconf 85' lang='lat' dir='ltr'>et</span> <span class='ocrx_word' id='word_1_123' title='bbox 386 1472 541 1549; x_wconf 82' lang='lat' dir='ltr'>egentibus</span> <span class='ocrx_word' id='word_1_124' title='bbox 562 1473 686 1534; x_wconf 88' lang='lat' dir='ltr'>ducibus</span> <span class='ocrx_word' id='word_1_125' title='bbox 702 1481 781 1533; x_wconf 89' lang='lat' dir='ltr'>ortas</span> <span class='ocrx_word' id='word_1_126' title='bbox 802 1489 917 1532; x_wconf 88' lang='lat' dir='ltr'>summa</span> <span class='ocrx_word' id='word_1_127' title='bbox 931 1472 1127 1550; x_wconf 86' lang='lat' dir='ltr'>optumatium</span> 
     </span>
     <span class='ocr_line' id='line_1_16' title="bbox 166 1555 1128 1636; baseline -0.001 -21"><span class='ocrx_word' id='word_1_128' title='bbox 166 1556 314 1617; x_wconf 85' lang='lat' dir='ltr'>voluntate</span> <span class='ocrx_word' id='word_1_129' title='bbox 326 1557 421 1634; x_wconf 86' lang='lat' dir='ltr'>perQ.</span> <span class='ocrx_word' id='word_1_130' title='bbox 429 1555 560 1626; x_wconf 87' lang='lat' dir='ltr'>Fabium,</span> <span class='ocrx_word' id='word_1_131' title='bbox 572 1575 627 1636; x_wconf 92' lang='lat' dir='ltr'>pro</span> <span class='ocrx_word' id='word_1_132' title='bbox 639 1556 759 1616; x_wconf 88' lang='lat' dir='ltr'>consule</span> <span class='ocrx_word' id='word_1_133' title='bbox 769 1557 890 1616; x_wconf 91' lang='lat' dir='ltr'>missum</span> <span class='ocrx_word' id='word_1_134' title='bbox 901 1573 937 1615; x_wconf 88' lang='lat' dir='ltr'>eo</span> <span class='ocrx_word' id='word_1_135' title='bbox 948 1573 1016 1614; x_wconf 87' lang='lat' dir='ltr'>eum</span> <span class='ocrx_word' id='word_1_136' title='bbox 1027 1561 1128 1614; x_wconf 81' lang='lat' dir='ltr'>vetere</span> 
     </span>
    </p>
   </div>
   <div class='ocr_carea' id='block_1_3' title="bbox 139 1638 1264 1719">
    <p class='ocr_par' dir='ltr' id='par_1_3' title="bbox 139 1638 1264 1719">
     <span class='ocr_line' id='line_1_17' title="bbox 139 1638 1264 1719; baseline -0.007 -17"><span class='ocrx_word' id='word_1_137' title='bbox 139 1641 317 1714; x_wconf 75' lang='lat' dir='ltr'>texercitu‚</span> <span class='ocrx_word' id='word_1_138' title='bbox 338 1648 554 1718; x_wconf 82' lang='lat' dir='ltr'>conpresserat.</span> <span class='ocrx_word' id='word_1_139' title='bbox 586 1641 675 1700; x_wconf 87' lang='lat' dir='ltr'>Decio</span> <span class='ocrx_word' id='word_1_140' title='bbox 690 1638 873 1719; x_wconf 88' lang='lat' dir='ltr'>populandos</span> <span class='ocrx_word' id='word_1_141' title='bbox 889 1639 1018 1700; x_wconf 91' lang='lat' dir='ltr'>bostium</span> <span class='ocrx_word' id='word_1_142' title='bbox 1039 1654 1150 1716; x_wconf 88' lang='lat' dir='ltr'>agros·</span> <span class='ocrx_word' id='word_1_143' title='bbox 1263 1647 1264 1672; x_wconf 75' lang='lat'>³</span> 
     </span>
    </p>
   </div>
   <div class='ocr_carea' id='block_1_4' title="bbox 125 1721 1136 3560">
    <p class='ocr_par' dir='ltr' id='par_1_4' title="bbox 125 1721 1136 3560">
     <span class='ocr_line' id='line_1_18' title="bbox 166 1721 1128 1801; baseline -0.003 -18"><span class='ocrx_word' id='word_1_144' title='bbox 166 1721 320 1800; x_wconf 86' lang='lat' dir='ltr'>relinquit,</span> <span class='ocrx_word' id='word_1_145' title='bbox 341 1723 405 1800; x_wconf 91' lang='lat' dir='ltr'>ipse</span> <span class='ocrx_word' id='word_1_146' title='bbox 425 1739 493 1782; x_wconf 91' lang='lat' dir='ltr'>cum</span> <span class='ocrx_word' id='word_1_147' title='bbox 512 1724 573 1782; x_wconf 90' lang='lat' dir='ltr'>suis</span> <span class='ocrx_word' id='word_1_148' title='bbox 592 1724 684 1801; x_wconf 90' lang='lat' dir='ltr'>copiis</span> <span class='ocrx_word' id='word_1_149' title='bbox 706 1725 738 1782; x_wconf 91' lang='lat' dir='ltr'>in</span> <span class='ocrx_word' id='word_1_150' title='bbox 756 1723 905 1782; x_wconf 81' lang='lat' dir='ltr'>Etrtuiam</span> <span class='ocrx_word' id='word_1_151' title='bbox 925 1721 962 1784; x_wconf 93' lang='lat' dir='ltr'>ad</span> <span class='ocrx_word' id='word_1_152' title='bbox 983 1721 1128 1800; x_wconf 85' lang='lat' dir='ltr'>collegam</span> 
     </span>
     <span class='ocr_line' id='line_1_19' title="bbox 125 1804 1128 1885; baseline -0.001 -20"><span class='ocrx_word' id='word_1_153' title='bbox 125 1807 281 1885; x_wconf 75' lang='lat' dir='ltr'>tepergit3</span> <span class='ocrx_word' id='word_1_154' title='bbox 307 1823 396 1884; x_wconf 89' lang='lat' dir='ltr'>quem</span> <span class='ocrx_word' id='word_1_155' title='bbox 416 1804 620 1866; x_wconf 79' lang='lat' dir='ltr'>advenientem</span> <span class='ocrx_word' id='word_1_156' title='bbox 639 1805 708 1866; x_wconf 86' lang='lat' dir='ltr'>laeti</span> <span class='ocrx_word' id='word_1_157' title='bbox 724 1824 827 1866; x_wconf 87' lang='lat' dir='ltr'>omnes</span> <span class='ocrx_word' id='word_1_158' title='bbox 847 1809 1035 1884; x_wconf 80' lang='lat' dir='ltr'>acceperunt.</span> <span class='ocrx_word' id='word_1_159' title='bbox 1068 1805 1128 1883; x_wconf 78' lang='lat' dir='ltr'>Ap·</span> 
     </span>
     <span class='ocr_line' id='line_1_20' title="bbox 166 1887 1129 1970; baseline 0 -22"><span class='ocrx_word' id='word_1_160' title='bbox 166 1889 249 1970; x_wconf 90' lang='lat' dir='ltr'>pium</span> <span class='ocrx_word' id='word_1_161' title='bbox 267 1907 304 1949; x_wconf 85' lang='lat' dir='ltr'>ex</span> <span class='ocrx_word' id='word_1_162' title='bbox 324 1890 504 1949; x_wconf 88' lang='lat' dir='ltr'>conscientia</span> <span class='ocrx_word' id='word_1_163' title='bbox 531 1908 583 1950; x_wconf 91' lang='lat' dir='ltr'>sua</span> <span class='ocrx_word' id='word_1_164' title='bbox 603 1890 693 1950; x_wconf 89' lang='lat' dir='ltr'>credo</span> <span class='ocrx_word' id='word_1_165' title='bbox 714 1892 845 1949; x_wconf 93' lang='lat' dir='ltr'>animum</span> <span class='ocrx_word' id='word_1_166' title='bbox 869 1889 1023 1958; x_wconf 89' lang='lat' dir='ltr'>habuisse,</span> <span class='ocrx_word' id='word_1_167' title='bbox 1048 1887 1129 1948; x_wconf 89' lang='lat' dir='ltr'>haud</span> 
     </span>
     <span class='ocr_line' id='line_1_21' title="bbox 167 1971 1129 2052; baseline -0.001 -21"><span class='ocrx_word' id='word_1_168' title='bbox 167 1973 305 2032; x_wconf 89' lang='lat' dir='ltr'>inmerito</span> <span class='ocrx_word' id='word_1_169' title='bbox 323 1974 446 2043; x_wconf 90' lang='lat' dir='ltr'>iratum,</span> <span class='ocrx_word' id='word_1_170' title='bbox 467 1973 492 2034; x_wconf 92' lang='lat' dir='ltr'>si</span> <span class='ocrx_word' id='word_1_171' title='bbox 510 1972 583 2032; x_wconf 89' lang='lat' dir='ltr'>nihil</span> <span class='ocrx_word' id='word_1_172' title='bbox 604 1975 778 2052; x_wconf 87' lang='lat' dir='ltr'>scripserat,</span> <span class='ocrx_word' id='word_1_173' title='bbox 795 1971 943 2033; x_wconf 87' lang='lat' dir='ltr'>inliberali</span> <span class='ocrx_word' id='word_1_174' title='bbox 963 1979 994 2032; x_wconf 88' lang='lat' dir='ltr'>et</span> <span class='ocrx_word' id='word_1_175' title='bbox 1011 1973 1129 2048; x_wconf 90' lang='lat' dir='ltr'>ingrato</span> 
     </span>
     <span class='ocr_line' id='line_1_22' title="bbox 126 2053 1136 2136; baseline 0 -21"><span class='ocrx_word' id='word_1_176' title='bbox 126 2062 157 2115; x_wconf 84' lang='lat'>11</span> <span class='ocrx_word' id='word_1_177' title='bbox 170 2057 282 2123; x_wconf 83' lang='lat' dir='ltr'>auimo,</span> <span class='ocrx_word' id='word_1_178' title='bbox 302 2057 328 2116; x_wconf 86' lang='lat' dir='ltr'>si</span> <span class='ocrx_word' id='word_1_179' title='bbox 348 2064 469 2133; x_wconf 83' lang='lat' dir='ltr'>eguerat</span> <span class='ocrx_word' id='word_1_180' title='bbox 492 2075 562 2136; x_wconf 91' lang='lat' dir='ltr'>ope,</span> <span class='ocrx_word' id='word_1_181' title='bbox 582 2056 823 2118; x_wconf 84' lang='lat' dir='ltr'>dissimulantem.</span> <span class='ocrx_word' id='word_1_182' title='bbox 866 2057 915 2116; x_wconf 81' lang='lat' dir='ltr'>rix</span> <span class='ocrx_word' id='word_1_183' title='bbox 934 2057 1014 2115; x_wconf 90' lang='lat' dir='ltr'>enim</span> <span class='ocrx_word' id='word_1_184' title='bbox 1034 2053 1136 2116; x_wconf 85' lang='lat' dir='ltr'>salute</span> 
     </span>
     <span class='ocr_line' id='line_1_23' title="bbox 168 2137 1129 2218; baseline -0.002 -19"><span class='ocrx_word' id='word_1_185' title='bbox 168 2146 269 2200; x_wconf 92' lang='lat' dir='ltr'>mutua</span> <span class='ocrx_word' id='word_1_186' title='bbox 289 2139 403 2200; x_wconf 91' lang='lat' dir='ltr'>reddita</span> <span class='ocrx_word' id='word_1_187' title='bbox 418 2158 485 2201; x_wconf 91' lang='lat' dir='ltr'>cum</span> <span class='ocrx_word' id='word_1_188' title='bbox 500 2140 615 2201; x_wconf 86' lang='lat' dir='ltr'>obviam</span> <span class='ocrx_word' id='word_1_189' title='bbox 631 2158 767 2218; x_wconf 89' lang='lat' dir='ltr'>egressus</span> <span class='ocrx_word' id='word_1_190' title='bbox 787 2146 877 2200; x_wconf 87' lang='lat' dir='ltr'>esset:</span> <span class='ocrx_word' id='word_1_191' title='bbox 900 2141 1002 2209; x_wconf 87' lang='lat' dir='ltr'>„satin</span> <span class='ocrx_word' id='word_1_192' title='bbox 1023 2137 1129 2198; x_wconf 57' lang='lat' dir='ltr'>salves</span> 
     </span>
     <span class='ocr_line' id='line_1_24' title="bbox 168 2221 1130 2302; baseline 0 -20"><span class='ocrx_word' id='word_1_193' title='bbox 168 2224 276 2302; x_wconf 80' lang='lat' dir='ltr'>iuquit,</span> <span class='ocrx_word' id='word_1_194' title='bbox 293 2269 311 2294; x_wconf 90' lang='lat'><strong>„</strong></span> <span class='ocrx_word' id='word_1_195' title='bbox 318 2222 351 2283; x_wconf 92' lang='lat' dir='ltr'>L.</span> <span class='ocrx_word' id='word_1_196' title='bbox 367 2222 521 2284; x_wconf 73' lang='lat' dir='ltr'>Volumni?</span> <span class='ocrx_word' id='word_1_197' title='bbox 536 2231 568 2283; x_wconf 91' lang='lat' dir='ltr'>ut</span> <span class='ocrx_word' id='word_1_198' title='bbox 582 2242 648 2284; x_wconf 88' lang='lat' dir='ltr'>sese</span> <span class='ocrx_word' id='word_1_199' title='bbox 662 2226 693 2283; x_wconf 94' lang='lat' dir='ltr'>in</span> <span class='ocrx_word' id='word_1_200' title='bbox 709 2225 828 2284; x_wconf 90' lang='lat' dir='ltr'>Samnio</span> <span class='ocrx_word' id='word_1_201' title='bbox 844 2240 894 2282; x_wconf 89' lang='lat' dir='ltr'>res</span> <span class='ocrx_word' id='word_1_202' title='bbox 907 2221 1037 2283; x_wconf 77' lang='lat' dir='ltr'>babenti</span> <span class='ocrx_word' id='word_1_203' title='bbox 1053 2239 1130 2299; x_wconf 86' lang='lat' dir='ltr'>quae</span> 
     </span>
     <span class='ocr_line' id='line_1_25' title="bbox 128 2304 1130 2385; baseline -0.002 -17"><span class='ocrx_word' id='word_1_204' title='bbox 128 2314 159 2368; x_wconf 82' lang='lat' dir='ltr'>tn</span> <span class='ocrx_word' id='word_1_205' title='bbox 170 2313 200 2366; x_wconf 93' lang='lat' dir='ltr'>te</span> <span class='ocrx_word' id='word_1_206' title='bbox 212 2324 313 2378; x_wconf 89' lang='lat' dir='ltr'>causa,</span> <span class='ocrx_word' id='word_1_207' title='bbox 329 2313 363 2367; x_wconf 93' lang='lat' dir='ltr'>ut</span> <span class='ocrx_word' id='word_1_208' title='bbox 370 2309 520 2385; x_wconf 82' lang='lat' dir='ltr'>provincia</span> <span class='ocrx_word' id='word_1_209' title='bbox 531 2315 580 2367; x_wconf 92' lang='lat' dir='ltr'>tua</span> <span class='ocrx_word' id='word_1_210' title='bbox 592 2307 764 2376; x_wconf 84' lang='lat' dir='ltr'>excederes,</span> <span class='ocrx_word' id='word_1_211' title='bbox 777 2305 934 2367; x_wconf 82' lang='lat' dir='ltr'>induxitl“</span> <span class='ocrx_word' id='word_1_212' title='bbox 957 2304 1130 2366; x_wconf 90' lang='lat' dir='ltr'>Volumnius</span> 
     </span>
     <span class='ocr_line' id='line_1_26' title="bbox 169 2389 1129 2469; baseline -0.001 -20"><span class='ocrx_word' id='word_1_213' title='bbox 169 2391 201 2449; x_wconf 92' lang='lat' dir='ltr'>in</span> <span class='ocrx_word' id='word_1_214' title='bbox 217 2390 337 2449; x_wconf 89' lang='lat' dir='ltr'>Samnio</span> <span class='ocrx_word' id='word_1_215' title='bbox 352 2409 401 2450; x_wconf 88' lang='lat' dir='ltr'>res</span> <span class='ocrx_word' id='word_1_216' title='bbox 420 2408 578 2469; x_wconf 85' lang='lat' dir='ltr'>prosperas</span> <span class='ocrx_word' id='word_1_217' title='bbox 593 2409 657 2450; x_wconf 89' lang='lat' dir='ltr'>esse</span> <span class='ocrx_word' id='word_1_218' title='bbox 672 2392 726 2461; x_wconf 91' lang='lat' dir='ltr'>ait,</span> <span class='ocrx_word' id='word_1_219' title='bbox 742 2389 848 2451; x_wconf 89' lang='lat' dir='ltr'>litteris</span> <span class='ocrx_word' id='word_1_220' title='bbox 860 2390 923 2450; x_wconf 91' lang='lat' dir='ltr'>eius</span> <span class='ocrx_word' id='word_1_221' title='bbox 939 2390 1064 2450; x_wconf 89' lang='lat' dir='ltr'>accitum</span> <span class='ocrx_word' id='word_1_222' title='bbox 1079 2406 1129 2449; x_wconf 84' lang='lat' dir='ltr'>ve-</span> 
     </span>
     <span class='ocr_line' id='line_1_27' title="bbox 168 2472 1129 2553; baseline -0.001 -19"><span class='ocrx_word' id='word_1_223' title='bbox 168 2474 261 2542; x_wconf 87' lang='lat' dir='ltr'>uisse;</span> <span class='ocrx_word' id='word_1_224' title='bbox 278 2475 390 2553; x_wconf 89' lang='lat' dir='ltr'>quaesi</span> <span class='ocrx_word' id='word_1_225' title='bbox 403 2472 493 2534; x_wconf 78' lang='lat' dir='ltr'>tarsae</span> <span class='ocrx_word' id='word_1_226' title='bbox 508 2475 626 2544; x_wconf 87' lang='lat' dir='ltr'>luerint,</span> <span class='ocrx_word' id='word_1_227' title='bbox 638 2491 694 2534; x_wconf 90' lang='lat' dir='ltr'>uec</span> <span class='ocrx_word' id='word_1_228' title='bbox 704 2493 775 2534; x_wconf 88' lang='lat' dir='ltr'>usus</span> <span class='ocrx_word' id='word_1_229' title='bbox 785 2475 831 2534; x_wconf 89' lang='lat' dir='ltr'>sui</span> <span class='ocrx_word' id='word_1_230' title='bbox 842 2474 880 2533; x_wconf 92' lang='lat' dir='ltr'>sit</span> <span class='ocrx_word' id='word_1_231' title='bbox 893 2474 924 2533; x_wconf 91' lang='lat' dir='ltr'>iu</span> <span class='ocrx_word' id='word_1_232' title='bbox 934 2472 1062 2543; x_wconf 86' lang='lat' dir='ltr'>Etruria,</span> <span class='ocrx_word' id='word_1_233' title='bbox 1078 2490 1129 2533; x_wconf 84' lang='lat' dir='ltr'>ex·</span> 
     </span>
     <span class='ocr_line' id='line_1_28' title="bbox 129 2555 1128 2636; baseline -0.002 -20"><span class='ocrx_word' id='word_1_234' title='bbox 129 2563 159 2616; x_wconf 78' lang='lat' dir='ltr'>tt</span> <span class='ocrx_word' id='word_1_235' title='bbox 170 2555 280 2636; x_wconf 91' lang='lat' dir='ltr'>templo</span> <span class='ocrx_word' id='word_1_236' title='bbox 292 2559 440 2617; x_wconf 87' lang='lat' dir='ltr'>conversis</span> <span class='ocrx_word' id='word_1_237' title='bbox 450 2559 542 2635; x_wconf 88' lang='lat' dir='ltr'>signis</span> <span class='ocrx_word' id='word_1_238' title='bbox 553 2557 710 2618; x_wconf 91' lang='lat' dir='ltr'>abiturum.</span> <span class='ocrx_word' id='word_1_239' title='bbox 740 2564 798 2629; x_wconf 91' lang='lat' dir='ltr'>„tu</span> <span class='ocrx_word' id='word_1_240' title='bbox 812 2574 883 2617; x_wconf 90' lang='lat' dir='ltr'>vero</span> <span class='ocrx_word' id='word_1_241' title='bbox 895 2555 1008 2616; x_wconf 87' lang='lat' dir='ltr'>abeas“</span> <span class='ocrx_word' id='word_1_242' title='bbox 1022 2557 1128 2634; x_wconf 88' lang='lat' dir='ltr'>inquit,</span> 
     </span>
     <span class='ocr_line' id='line_1_29' title="bbox 169 2641 1130 2721; baseline 0 -21"><span class='ocrx_word' id='word_1_243' title='bbox 169 2641 1130 2721; x_wconf 83' lang='lat' dir='ltr'>„nequetequisquammoratur:etenimminimeconsentanerua</span> 
     </span>
     <span class='ocr_line' id='line_1_30' title="bbox 168 2722 1128 2803; baseline -0.002 -19"><span class='ocrx_word' id='word_1_244' title='bbox 168 2731 222 2792; x_wconf 88' lang='lat' dir='ltr'>est,</span> <span class='ocrx_word' id='word_1_245' title='bbox 236 2741 303 2784; x_wconf 92' lang='lat' dir='ltr'>cum</span> <span class='ocrx_word' id='word_1_246' title='bbox 313 2724 390 2784; x_wconf 91' lang='lat' dir='ltr'>bello</span> <span class='ocrx_word' id='word_1_247' title='bbox 398 2733 448 2785; x_wconf 89' lang='lat' dir='ltr'>tuo</span> <span class='ocrx_word' id='word_1_248' title='bbox 455 2725 578 2786; x_wconf 84' lang='lat' dir='ltr'>forsitan</span> <span class='ocrx_word' id='word_1_249' title='bbox 586 2726 631 2785; x_wconf 84' lang='lat' dir='ltr'>vix</span> <span class='ocrx_word' id='word_1_250' title='bbox 639 2726 774 2795; x_wconf 88' lang='lat' dir='ltr'>sullicias,</span> <span class='ocrx_word' id='word_1_251' title='bbox 786 2725 844 2784; x_wconf 91' lang='lat' dir='ltr'>huc</span> <span class='ocrx_word' id='word_1_252' title='bbox 856 2732 886 2784; x_wconf 90' lang='lat' dir='ltr'>te</span> <span class='ocrx_word' id='word_1_253' title='bbox 892 2722 929 2784; x_wconf 92' lang='lat' dir='ltr'>ad</span> <span class='ocrx_word' id='word_1_254' title='bbox 937 2742 1022 2803; x_wconf 90' lang='lat' dir='ltr'>opem</span> <span class='ocrx_word' id='word_1_255' title='bbox 1030 2724 1128 2783; x_wconf 86' lang='lat' dir='ltr'>feren·</span> 
     </span>
     <span class='ocr_line' id='line_1_31' title="bbox 126 2804 1129 2883; baseline 0.001 -18"><span class='ocrx_word' id='word_1_256' title='bbox 126 2812 161 2865; x_wconf 79' lang='lat' dir='ltr'>te</span> <span class='ocrx_word' id='word_1_257' title='bbox 172 2804 239 2865; x_wconf 89' lang='lat' dir='ltr'>dam</span> <span class='ocrx_word' id='word_1_258' title='bbox 251 2805 314 2865; x_wconf 87' lang='lat' dir='ltr'>aliis</span> <span class='ocrx_word' id='word_1_259' title='bbox 325 2807 444 2883; x_wconf 86' lang='lat' dir='ltr'>gloriari</span> <span class='ocrx_word' id='word_1_260' title='bbox 455 2812 600 2868; x_wconf 82' lang='lat' dir='ltr'>venisse.⁴‘</span> <span class='ocrx_word' id='word_1_261' title='bbox 630 2808 706 2870; x_wconf 92' lang='lat' dir='ltr'>bene</span> <span class='ocrx_word' id='word_1_262' title='bbox 718 2807 859 2870; x_wconf 90' lang='lat' dir='ltr'>llercules</span> <span class='ocrx_word' id='word_1_263' title='bbox 872 2815 1012 2877; x_wconf 84' lang='lat' dir='ltr'>verteret,</span> <span class='ocrx_word' id='word_1_264' title='bbox 1029 2807 1129 2867; x_wconf 87' lang='lat' dir='ltr'>dicere</span> 
     </span>
     <span class='ocr_line' id='line_1_32' title="bbox 168 2887 1128 2971; baseline 0.001 -23"><span class='ocrx_word' id='word_1_265' title='bbox 168 2887 355 2950; x_wconf 83' lang='lat' dir='ltr'>Volumnius:</span> <span class='ocrx_word' id='word_1_266' title='bbox 376 2890 463 2950; x_wconf 90' lang='lat' dir='ltr'>malle</span> <span class='ocrx_word' id='word_1_267' title='bbox 483 2892 593 2952; x_wconf 82' lang='lat' dir='ltr'>trustra</span> <span class='ocrx_word' id='word_1_268' title='bbox 608 2911 728 2970; x_wconf 90' lang='lat' dir='ltr'>operam</span> <span class='ocrx_word' id='word_1_269' title='bbox 750 2894 927 2971; x_wconf 88' lang='lat' dir='ltr'>insumptam</span> <span class='ocrx_word' id='word_1_270' title='bbox 944 2909 1031 2970; x_wconf 88' lang='lat' dir='ltr'>quam</span> <span class='ocrx_word' id='word_1_271' title='bbox 1047 2891 1128 2968; x_wconf 90' lang='lat' dir='ltr'>quic·</span> 
     </span>
     <span class='ocr_line' id='line_1_33' title="bbox 169 2973 1129 3053; baseline 0.002 -21"><span class='ocrx_word' id='word_1_272' title='bbox 169 2991 256 3053; x_wconf 85' lang='lat' dir='ltr'>quam</span> <span class='ocrx_word' id='word_1_273' title='bbox 270 2973 416 3041; x_wconf 82' lang='lat' dir='ltr'>incidisse,</span> <span class='ocrx_word' id='word_1_274' title='bbox 428 2991 481 3034; x_wconf 90' lang='lat' dir='ltr'>cur</span> <span class='ocrx_word' id='word_1_275' title='bbox 492 2991 553 3033; x_wconf 90' lang='lat' dir='ltr'>nou</span> <span class='ocrx_word' id='word_1_276' title='bbox 564 2976 634 3034; x_wconf 82' lang='lat' dir='ltr'>saus</span> <span class='ocrx_word' id='word_1_277' title='bbox 646 2984 723 3035; x_wconf 90' lang='lat' dir='ltr'>esset</span> <span class='ocrx_word' id='word_1_278' title='bbox 733 2976 868 3035; x_wconf 80' lang='lat' dir='ltr'>Etruniae</span> <span class='ocrx_word' id='word_1_279' title='bbox 879 2992 955 3035; x_wconf 92' lang='lat' dir='ltr'>unus</span> <span class='ocrx_word' id='word_1_280' title='bbox 966 2973 1129 3034; x_wconf 88' lang='lat' dir='ltr'>consularis</span> 
     </span>
     <span class='ocr_line' id='line_1_34' title="bbox 141 3056 1128 3136; baseline -0.001 -19"><span class='ocrx_word' id='word_1_281' title='bbox 141 3058 323 3118; x_wconf 85' lang='lat' dir='ltr'>texercitus.</span> <span class='ocrx_word' id='word_1_282' title='bbox 367 3057 442 3119; x_wconf 77' lang='lat' dir='ltr'>xtt.</span> <span class='ocrx_word' id='word_1_283' title='bbox 470 3058 673 3136; x_wconf 89' lang='lat' dir='ltr'>Digredientes</span> <span class='ocrx_word' id='word_1_284' title='bbox 687 3059 744 3118; x_wconf 89' lang='lat' dir='ltr'>iam</span> <span class='ocrx_word' id='word_1_285' title='bbox 757 3057 892 3120; x_wconf 86' lang='lat' dir='ltr'>consules</span> <span class='ocrx_word' id='word_1_286' title='bbox 902 3057 991 3135; x_wconf 88' lang='lat' dir='ltr'>legati</span> <span class='ocrx_word' id='word_1_287' title='bbox 1003 3056 1128 3117; x_wconf 91' lang='lat' dir='ltr'>tribuni·</span> 
     </span>
     <span class='ocr_line' id='line_1_35' title="bbox 169 3143 1129 3222; baseline -0.001 -21"><span class='ocrx_word' id='word_1_288' title='bbox 169 3159 226 3222; x_wconf 83' lang='lat' dir='ltr'>que</span> <span class='ocrx_word' id='word_1_289' title='bbox 242 3161 278 3202; x_wconf 87' lang='lat' dir='ltr'>ex</span> <span class='ocrx_word' id='word_1_290' title='bbox 292 3143 426 3220; x_wconf 82' lang='lat' dir='ltr'>Appiano</span> <span class='ocrx_word' id='word_1_291' title='bbox 440 3145 572 3204; x_wconf 84' lang='lat' dir='ltr'>exercitu</span> <span class='ocrx_word' id='word_1_292' title='bbox 588 3144 819 3204; x_wconf 89' lang='lat' dir='ltr'>circumsistunt:</span> <span class='ocrx_word' id='word_1_293' title='bbox 836 3159 905 3221; x_wconf 87' lang='lat' dir='ltr'>pars</span> <span class='ocrx_word' id='word_1_294' title='bbox 919 3143 1129 3220; x_wconf 89' lang='lat' dir='ltr'>imperatorem</span> 
     </span>
     <span class='ocr_line' id='line_1_36' title="bbox 169 3223 1128 3306; baseline -0.003 -20"><span class='ocrx_word' id='word_1_295' title='bbox 169 3243 254 3286; x_wconf 85' lang='lat' dir='ltr'>suum</span> <span class='ocrx_word' id='word_1_296' title='bbox 269 3243 370 3297; x_wconf 87' lang='lat' dir='ltr'>orare,</span> <span class='ocrx_word' id='word_1_297' title='bbox 390 3245 428 3286; x_wconf 90' lang='lat' dir='ltr'>ne</span> <span class='ocrx_word' id='word_1_298' title='bbox 444 3227 573 3305; x_wconf 90' lang='lat' dir='ltr'>collegae</span> <span class='ocrx_word' id='word_1_299' title='bbox 589 3228 743 3296; x_wconf 82' lang='lat' dir='ltr'>auxilium,</span> <span class='ocrx_word' id='word_1_300' title='bbox 769 3225 848 3306; x_wconf 89' lang='lat' dir='ltr'>quod</span> <span class='ocrx_word' id='word_1_301' title='bbox 864 3225 1036 3286; x_wconf 89' lang='lat' dir='ltr'>acciendum</span> <span class='ocrx_word' id='word_1_302' title='bbox 1049 3223 1128 3284; x_wconf 92' lang='lat' dir='ltr'>ultro</span> 
     </span>
     <span class='ocr_line' id='line_1_37' title="bbox 141 3308 1128 3391; baseline 0 -24"><span class='ocrx_word' id='word_1_303' title='bbox 141 3309 271 3377; x_wconf 72' lang='lat' dir='ltr'>eluerit,</span> <span class='ocrx_word' id='word_1_304' title='bbox 288 3329 339 3370; x_wconf 87' lang='lat' dir='ltr'>sua</span> <span class='ocrx_word' id='word_1_305' title='bbox 356 3321 461 3391; x_wconf 87' lang='lat' dir='ltr'>sponte</span> <span class='ocrx_word' id='word_1_306' title='bbox 472 3311 600 3372; x_wconf 89' lang='lat' dir='ltr'>oblatum</span> <span class='ocrx_word' id='word_1_307' title='bbox 611 3319 817 3391; x_wconf 89' lang='lat' dir='ltr'>sperneretur;</span> <span class='ocrx_word' id='word_1_308' title='bbox 832 3308 933 3390; x_wconf 90' lang='lat' dir='ltr'>plures</span> <span class='ocrx_word' id='word_1_309' title='bbox 941 3308 1061 3369; x_wconf 92' lang='lat' dir='ltr'>abeunti</span> <span class='ocrx_word' id='word_1_310' title='bbox 1071 3308 1128 3368; x_wconf 87' lang='lat' dir='ltr'>Vo-</span> 
     </span>
     <span class='ocr_line' id='line_1_38' title="bbox 169 3389 1127 3476; baseline -0.001 -25"><span class='ocrx_word' id='word_1_311' title='bbox 169 3389 282 3453; x_wconf 91' lang='lat' dir='ltr'>lumnio</span> <span class='ocrx_word' id='word_1_312' title='bbox 294 3393 445 3465; x_wconf 77' lang='lat' dir='ltr'>obsistere,</span> <span class='ocrx_word' id='word_1_313' title='bbox 459 3396 607 3466; x_wconf 89' lang='lat' dir='ltr'>obtestari,</span> <span class='ocrx_word' id='word_1_314' title='bbox 620 3414 657 3456; x_wconf 91' lang='lat' dir='ltr'>ne</span> <span class='ocrx_word' id='word_1_315' title='bbox 668 3413 834 3476; x_wconf 72' lang='lat' dir='ltr'>pravocum</span> <span class='ocrx_word' id='word_1_316' title='bbox 842 3392 955 3470; x_wconf 87' lang='lat' dir='ltr'>collega</span> <span class='ocrx_word' id='word_1_317' title='bbox 966 3392 1127 3452; x_wconf 88' lang='lat' dir='ltr'>certamine</span> 
     </span>
     <span class='ocr_line' id='line_1_39' title="bbox 169 3471 1126 3560; baseline 0.003 -23"><span class='ocrx_word' id='word_1_318' title='bbox 169 3476 401 3560; x_wconf 86' lang='lat' dir='ltr'>rempublicam</span> <span class='ocrx_word' id='word_1_319' title='bbox 421 3479 541 3558; x_wconf 90' lang='lat' dir='ltr'>prodat:</span> <span class='ocrx_word' id='word_1_320' title='bbox 562 3481 588 3539; x_wconf 89' lang='lat' dir='ltr'>si</span> <span class='ocrx_word' id='word_1_321' title='bbox 603 3497 661 3559; x_wconf 91' lang='lat' dir='ltr'>qua</span> <span class='ocrx_word' id='word_1_322' title='bbox 681 3477 779 3539; x_wconf 87' lang='lat' dir='ltr'>clades</span> <span class='ocrx_word' id='word_1_323' title='bbox 796 3477 961 3548; x_wconf 85' lang='lat' dir='ltr'>incidisset,</span> <span class='ocrx_word' id='word_1_324' title='bbox 982 3471 1126 3540; x_wconf 76' lang='lat' dir='ltr'>desermt</span> 
     </span>
    </p>
   </div>
   <div class='ocr_carea' id='block_1_5' title="bbox 0 0 1278 3946">
    <p class='ocr_par' dir='ltr' id='par_1_5' title="bbox 0 0 1278 3946">
     <span class='ocr_line' id='line_1_40' title="bbox 0 0 1278 3946; baseline 0 0"><span class='ocrx_word' id='word_1_325' title='bbox 0 0 1278 3946; x_wconf 95' lang='lat' dir='ltr'> </span> 
     </span>
    </p>
   </div>
  </div>
 </body>
</html>
