2538 3946
184 201 243 268 188
339 219 475 260 umunx.
492 217 559 260 oar.
574 204 618 261 36.
635 205 678 260 37.
695 195 734 280 [a.
749 221 780 260 u.
795 219 822 259 o.
836 203 898 259 460.
916 195 978 280 461]

140 374 173 426 16
246 367 321 428 llum
333 367 406 426 haee
427 368 457 426 in
480 365 582 446 Apulia
594 366 786 445 gerebantur,
803 364 894 425 altero
909 367 1040 426 exercitu
1051 367 1142 429 Sam·

183 451 257 511 nites
278 452 490 519 Interamnam,
514 450 657 511 coloniam
679 451 857 519 Romanam,
877 468 950 528 quae
971 450 1016 509 ria
1036 449 1141 512 Latim

141 541 172 592 17
185 541 241 606 est,
259 553 403 613 occupare
416 537 513 594 conati
527 535 631 595 urbem
644 552 703 595 non
717 541 889 594 tenuerunt:
907 551 991 608 agros
1007 532 1139 612 depopu-

182 617 313 680 laticum
328 619 467 697 praedam
485 619 570 678 aliam
586 617 656 678 inde
670 619 790 678 mixtam
808 617 960 676 hominum
982 626 1068 695 atque
1086 635 1139 695 pe·

182 701 289 763 cudum
313 703 490 782 colonosque
513 709 614 781 captos
635 709 771 780 agerent,
792 702 824 760 in
844 703 985 761 victorem
1006 700 1140 762 incidunt

183 787 332 847 consulem
364 786 399 846 ab
426 788 550 846 Luceria
577 786 768 854 redeuntem
797 802 853 844 nec
881 784 1020 864 praedam
1046 783 1142 844 solum

182 872 332 939 amittunt,
355 870 406 930 sed
426 871 481 948 ipsi
497 869 585 946 longo
603 876 690 948 atque
703 868 836 948 inpedito
859 869 977 944 agmine
999 869 1142 946 inconpo-

143 961 174 1014 18
185 955 233 1014 siti
249 955 421 1014 caeduntur.
459 952 562 1013 consul
576 953 775 1013 Interamnam
792 951 887 1012 edicto
901 952 1028 1012 dominis
1046 951 1143 1012 adres

182 1056 250 1098 suas
262 1038 425 1097 noscendas
439 1037 680 1116 recipiendasque
694 1037 838 1097 revocatis
853 1043 882 1096 et
896 1037 1027 1096 exercitu
1038 1035 1081 1095 ibi
1094 1053 1142 1096 re·

142 1121 254 1181 lelieto
276 1123 460 1181 comitiorum
488 1139 573 1181 causa
602 1122 725 1182 Romam
757 1128 802 1181 est
828 1119 988 1200 proiectus.
1033 1120 1081 1178 cui
1105 1119 1145 1180 do

185 1205 333 1283 triumpho
348 1206 446 1282 agenti
472 1214 594 1282 negatus
610 1205 706 1266 honos
721 1210 750 1264 et
765 1202 802 1264 ob
818 1204 924 1264 amissa
940 1211 983 1263 tot
993 1203 1074 1264 milia
1086 1203 1143 1263 mi-

182 1287 267 1349 litum
287 1296 315 1348 et
330 1289 409 1366 qnod
428 1291 557 1368 captivos
578 1290 642 1349 sine
661 1290 797 1368 pactione
820 1287 989 1365 subiugum
1005 1288 1141 1348 misisset

155 1377 167 1428 1
245 1372 382 1433 xxxvii.
404 1371 522 1433 'Consul
539 1372 613 1435 alter
627 1373 807 1441 Postumius,
831 1373 899 1450 quia
914 1373 946 1430 in
963 1370 1145 1432 Samnitibus

184 1458 306 1517 materia
323 1456 393 1516 belli
409 1457 518 1524 deerat,
535 1461 566 1516 in
581 1457 729 1517 Etruriam
746 1455 916 1516 transducto
934 1457 1067 1516 exercitu
1081 1456 1144 1534 pri·
1233 1481 1239 1494 ν

155 1547 265 1600 amum
280 1548 498 1618 pervastaverat
511 1540 725 1601 Vulsiniensem
741 1556 860 1617 agrum;
877 1539 944 1598 dein
960 1557 1027 1598 cum
1043 1557 1143 1617 egres·

182 1625 223 1684 sis
240 1623 275 1683 ad
296 1624 420 1684 tuendos
438 1625 511 1682 lines
538 1617 617 1684 liaud
633 1622 737 1702 procul
759 1621 915 1683 moenibus
936 1624 1067 1700 ipsorum
1091 1621 1143 1683 de-

183 1715 302 1784 pugnat.
334 1707 391 1765 duo
412 1707 491 1766 milia
513 1725 547 1766 ac
562 1707 681 1767 ducenti
698 1707 890 1766 Etruscorum
911 1707 1004 1772 caesi;
1027 1713 1143 1767 cetoros

155 1791 385 1867 apropinquitas
399 1789 481 1848 uritis
498 1795 588 1850 tutata
604 1798 657 1852 cst.
690 1790 720 1849 in
734 1786 924 1851 Rusellanmn
942 1807 1044 1867 agrum
1058 1806 1143 1850 exer·

184 1874 258 1933 citus
275 1873 439 1940 traductus
455 1872 496 1932 ibi
512 1891 571 1933 non
587 1875 650 1952 agri
665 1881 776 1934 tantum
791 1875 908 1943 vastati,
929 1873 984 1933 sed
1002 1873 1143 1952 oppidum

185 1957 272 2017 etiam
301 1964 515 2034 expugnatum
542 1965 626 2036 capta
648 1957 773 2036 amplius
793 1958 851 2018 duo
880 1956 959 2017 milia
981 1957 1142 2028 hominurn,

154 2041 281 2101 eminus
303 2041 460 2100 duomilia
484 2041 561 2101 circa
581 2059 683 2102 muros
703 2059 797 2102 caesa.
834 2060 891 2120 par
912 2049 1012 2100 tauron
1035 2041 1143 2101 clarior

183 2125 350 2202 maiorque,
372 2143 458 2202 quam
476 2123 586 2184 bellum
602 2125 634 2184 in
649 2125 766 2185 Etruria
782 2143 817 2186 eo
833 2143 911 2185 anno
927 2125 1037 2194 iuerat,
1059 2131 1144 2205 parta

185 2213 243 2268 est:
260 2215 320 2268 tres
334 2207 527 2268 validissimae
541 2206 647 2278 urbes,
665 2208 801 2270 Etruriae
816 2209 927 2287 capita,
946 2207 1069 2270 Volsinii
1088 2208 1144 2270 Pe·

157 2291 264 2352 prusia
286 2292 451 2361 Arretium,
476 2309 580 2370 pacem
600 2293 729 2371 petiere;
760 2298 790 2352 et
814 2294 998 2354 vestimentis
1017 2292 1144 2354 militum

183 2375 390 2454 frumentoque
406 2378 565 2452 paelicum
582 2374 714 2445 consule,
733 2383 767 2437 ut
780 2377 857 2437 mitti
869 2375 992 2438 Romam
1010 2383 1145 2438 oratores
1246 2451 1249 2455 ¹

183 2457 300 2527 liceret,
332 2459 459 2519 indutias
486 2461 517 2518 in
547 2460 740 2538 quadraginta
770 2478 864 2520 annos
899 2461 1142 2539 impetraverunt.

183 2541 274 2603 multa
292 2561 432 2619 praesens
446 2544 639 2622 quingentum
654 2543 768 2604 milium
783 2545 859 2605 aeris
879 2544 910 2602 in
925 2545 1057 2622 singulas
1074 2546 1143 2605 ciri·

183 2632 258 2688 tatas
279 2628 414 2705 inposita.
477 2651 480 2656 ·
1086 2692 1089 2697 ,

155 2716 172 2768 o
247 2709 291 2770 Oh
309 2711 395 2770 hasce
412 2728 460 2770 res
477 2717 573 2789 gestas
585 2710 688 2773 consul
703 2729 769 2772 curn
784 2711 967 2790 triumphum
986 2710 1022 2772 ab
1040 2717 1144 2770 senatu

183 2794 275 2852 moris
291 2796 384 2870 magis
401 2813 486 2854 cansa
502 2813 589 2874 quam
605 2813 657 2875 spe
672 2794 851 2875 impetrandi
866 2797 1000 2874 petisset,
1016 2793 1142 2855 rideret·

156 2882 241 2956 tque
258 2874 338 2944 alios,
354 2878 431 2955 quod
448 2878 558 2939 tardius
572 2879 608 2939 ab
620 2878 695 2939 urbe
708 2880 823 2949 exisset,
841 2879 922 2946 alios,
941 2877 1018 2957 quod
1030 2879 1143 2938 iniussu

183 2966 303 3020 senatus
324 2978 360 3019 ex
384 2961 504 3020 Samnio
531 2963 562 3021 in
583 2962 731 3024 Etruriam
755 2963 923 3033 transisset,
944 2963 1052 3042 partim
1074 2979 1143 3024 suos

183 3044 333 3115 inimicos,
354 3047 461 3123 partim
481 3045 611 3124 collegae
636 3045 746 3106 amicos
768 3045 806 3107 ad
831 3046 972 3106 solacium
1003 3053 1144 3126 aequatae

157 3129 319 3208 trepulsae
335 3129 391 3189 sibi
413 3147 529 3209 quoque
552 3147 661 3211 negare
682 3130 880 3209 triumphum:
903 3149 994 3202 „non
1016 3133 1057 3190 ita
1065 3140 1083 3164 ‘⁴
1097 3132 1143 3189 in·

183 3215 261 3293 quit,
276 3261 294 3285 „
302 3223 401 3292 patres
418 3216 594 3294 conscripti,
610 3220 724 3277 vestrae
739 3215 899 3275 maiestatis
914 3216 1093 3282 meminero,
1110 3217 1145 3270 ut

184 3315 232 3358 me
253 3297 402 3358 consulam
425 3317 488 3360 esse
509 3299 674 3360 obliviscar.
718 3298 822 3360 eodem
844 3299 909 3358 iure
930 3297 1061 3376 imperii,
1084 3309 1143 3372 quo

183 3378 260 3440 bella
276 3384 367 3458 gessi,
389 3383 473 3444 bellis
501 3383 626 3444 feliciter
649 3384 752 3461 gestis,
771 3382 891 3443 Samnio
912 3389 999 3460 atque
1025 3378 1144 3438 Etruria

156 3461 327 3532 laubacus,
345 3468 467 3526 victoria
479 3476 509 3527 et
522 3485 595 3545 pace
609 3474 693 3544 parta
707 3465 925 3544 triumphabo.“
953 3466 993 3524 ita
1008 3469 1143 3524 senatum
