2532 3938
297 202 393 248 moun
405 204 462 248 vu.
478 204 547 250 our.
561 193 604 245 22.
620 192 662 245 23.
676 183 715 268 [e.
730 187 765 250 0.
779 194 840 249 353.
853 186 916 272 350]
1044 194 1089 262 23

130 354 267 418 meritum
295 352 383 413 levati
408 353 485 412 aeris
516 351 619 425 alieni,
641 359 675 412 ut
696 353 783 415 ambo
810 358 927 433 patricii
950 355 1092 419 'consuler-

129 446 309 501 crearentur.
352 438 444 498 creati
463 438 527 513 ipse
548 437 578 498 u.
602 436 749 516 Sulpicius
770 439 900 510 Peticus,
931 445 982 521 qui
1001 443 1085 522 prior
1103 445 1109 454 '

128 524 298 600 interregno
305 520 384 590 abiit,
396 527 426 582 et
436 519 472 582 Τ.
480 520 633 592 Quinctius
643 520 776 591 Pennus;
789 524 906 602 quidam
914 524 1084 598 Caesonem,

129 606 177 667 alii
201 606 304 666 Gaium
330 621 438 665 nomen
460 603 596 675 Quinctio
622 603 760 666 adiciunt.
797 607 834 666 ad
862 607 971 669 bellum
998 610 1084 670 ambo
1110 617 1122 670 t

127 689 267 770 proiecti,
280 688 425 750 Faliscum
437 687 604 758 Quinctius,
617 687 764 767 Sulpicius
775 690 1002 768 Tarquiniense,
1016 712 1085 755 nus·

129 791 217 852 quam
237 774 299 832 acie
323 789 482 850 congresso
502 772 585 832 hoste
606 791 672 832 curu
693 774 772 850 agris
795 776 888 852 magis
908 794 997 856 quam
1017 795 1084 838 cum

129 855 298 917 hominibus
319 856 433 916 urendo
453 854 680 935 populandoque
701 865 857 934 gesserunt
882 859 973 928 bella:
1002 863 1085 921 cuius
1114 863 1121 914 l

130 939 227 1000 lentae
245 939 324 1000 velut
347 938 421 1000 tabis
436 941 518 999 senio
538 940 615 1000 victa
629 941 782 1018 utriusque
800 945 963 1019 pertinacia
983 944 1085 1024 populi

129 1030 189 1094 est,
217 1030 250 1084 ut
270 1025 398 1102 primum
418 1041 434 1083 a
456 1021 641 1093 consulibus,
667 1023 734 1083 dein
756 1028 903 1103 permissu
924 1046 1028 1089 eorum
1047 1028 1083 1089 ab

127 1114 230 1169 senatu
244 1107 371 1167 indutias
385 1113 530 1185 peterent.
569 1108 600 1166 in
620 1106 812 1186 quadraginta
828 1128 920 1170 annos
943 1111 1084 1190 impetra·

128 1197 249 1252 verunt¹
267 1192 307 1253 ita
318 1192 413 1270 posita
428 1189 553 1252 duorum
564 1188 711 1251 bellorum
724 1210 799 1270 quae
811 1193 994 1256 inminebant
1004 1213 1084 1267 cura,
1099 1195 1119 1256 6

127 1275 198 1335 dum
217 1275 313 1356 aliqua
329 1274 366 1335 ab
383 1277 472 1336 armis
488 1278 571 1355 quies
586 1283 679 1344 esset,
697 1277 764 1353 quia
779 1276 885 1337 solutio
905 1281 982 1339 aeris
998 1279 1084 1343 alieni

127 1359 286 1419 multarum
303 1377 404 1419 rerum
420 1365 583 1420 mutaverat
597 1357 746 1429 dominos,
764 1377 885 1421 censum
900 1364 947 1440 agi
965 1362 1082 1442 placuit

128 1450 261 1502 ceterum
281 1460 349 1502 cum
371 1442 543 1503 censoribus
563 1441 699 1502 creandis
712 1442 821 1503 indicta
844 1447 960 1506 comitia
977 1453 1114 1516 essent,·i

128 1525 278 1604 protessus
293 1543 446 1586 censuram
460 1544 491 1586 se
506 1533 608 1604 petere
621 1526 651 1588 C.
670 1525 797 1586 Marcius
813 1528 941 1599 Rutilus,
958 1531 1008 1609 qui
1022 1533 1083 1608 pri-

127 1627 193 1670 mus
207 1608 331 1669 dictator
346 1610 381 1669 de
396 1608 483 1688 plebe
498 1611 609 1680 luerat,
625 1610 813 1672 concordiam
829 1613 966 1673 ordinum
983 1611 1082 1674 turba-

126 1695 176 1754 rit.
207 1693 286 1773 quod
300 1692 451 1754 videbatur
467 1693 584 1772 quidem
603 1700 736 1772 tempore
757 1694 852 1756 alieno
872 1697 990 1768 iecisse,
1014 1699 1114 1777 quias

128 1777 214 1839 ambo
229 1785 292 1839 tum
307 1777 383 1838 iorte
398 1779 514 1856 patricii
529 1776 666 1838 consules
677 1788 777 1848 erant,
794 1783 843 1856 qui
861 1783 1005 1841 rationem
1020 1783 1083 1841 eius

128 1879 160 1922 se
184 1860 337 1922 habituros
357 1859 518 1938 negabant;
545 1860 597 1920 sed
620 1862 727 1940 etipse
751 1867 914 1923 constantia
933 1866 1115 1943 inceptumu

128 1943 269 2014 obtinuit,
285 1953 313 2005 et
328 1944 439 2004 tribuni
454 1946 535 2004 omni
552 1946 593 2014 vi,
610 1946 804 2023 reciperaturi
821 1950 866 2008 ius
881 1947 1083 2008 consularibus

128 2030 253 2090 comitiis
267 2030 420 2098 amissum,
436 2028 623 2099 adiuverunt,
641 2036 671 2089 et
688 2047 755 2088 curn
772 2032 863 2109 ipsius
877 2032 932 2090 viri
946 2033 1083 2092 maiestas

128 2112 238 2196 nullius
252 2113 374 2174 honoris
389 2113 537 2190 fastigium
553 2130 613 2174 non
628 2111 782 2190 aequabat,
796 2121 857 2174 turn
873 2133 927 2194 per
945 2114 1080 2185 eundem,

127 2198 178 2275 qui
194 2197 230 2256 ad
246 2196 420 2257 dictaturam
438 2197 602 2274 aperuisset
623 2198 712 2264 viam,
734 2215 890 2257 censuram
911 2216 1027 2276 quoque
1051 2199 1083 2257 in

128 2287 241 2359 partem
257 2281 356 2340 vocari
370 2278 472 2358 plebes
487 2277 611 2338 volebat
640 2296 696 2338 nec
716 2281 857 2340 variatum
880 2282 1005 2340 comitiis
1027 2285 1122 2350 estid

128 2365 198 2444 quin
213 2381 281 2424 cum
297 2363 405 2424 blanlio
422 2363 521 2422 Gnaeo
536 2378 642 2422 censor
660 2361 787 2422 Marcius
801 2371 960 2424 crearetur.

190 2448 369 2508 Dictatorem
386 2464 502 2526 quoque
516 2445 566 2506 hic
580 2463 675 2506 annus
689 2445 792 2506 babuit
808 2447 845 2508 M.
862 2446 984 2507 Fabium
1000 2445 1081 2506 nullo

127 2538 242 2592 terrore
259 2531 343 2601 belli,
358 2532 410 2592 sed
429 2548 465 2590 ne
481 2530 591 2590 Licinia
611 2528 659 2590 lcr
673 2531 798 2590 comitiis
813 2529 1015 2590 consularibus
1030 2529 1082 2590 ob·

127 2622 303 2676 servaretur.
332 2616 472 2692 magister
490 2615 620 2694 equitum
643 2613 777 2674 dictatori
798 2614 913 2675 additus
931 2615 965 2686 Q.
985 2615 1120 2674 Serri-tl

127 2697 192 2760 lius.
229 2717 284 2759 nec
304 2705 404 2759 tamen
425 2696 567 2759 dictatura
591 2699 788 2776 potentiorem
812 2717 879 2758 eum
905 2715 1081 2759 consensum

127 2789 245 2862 patrum
261 2782 465 2845 consularibus
480 2782 605 2842 comitiis
621 2781 704 2851 iecit,
720 2800 806 2861 quam
820 2784 964 2844 censoriis
976 2782 1081 2843 luerat.

128 2865 228 2926 lllllll.
262 2866 300 2928 bi.
316 2866 445 2946 Popilius
460 2866 572 2927 Laenas
587 2882 604 2924 a
626 2864 713 2945 plebe
729 2865 845 2938 consul,
868 2885 885 2927 a
901 2866 1035 2946 patribus
1049 2865 1082 2927 b.
1099 2873 1112 2923 1

130 2947 282 3011 Cornelius
296 2951 393 3030 Scipio
410 2949 504 3010 datus.
538 2949 656 3011 fortuna
671 2968 787 3031 quoque
804 2949 1005 3012 inlustriorem
1019 2949 1082 3030 ple·

129 3031 229 3091 beium
244 3033 394 3093 consulem
408 3033 491 3093 iecit:
508 3051 576 3093 nam
590 3051 657 3094 cum
672 3036 822 3112 ingentem
838 3034 987 3096 Gallorum
999 3051 1083 3094 exer·
1098 3040 1115 3090 2

130 3116 221 3175 citum
247 3116 278 3175 in
307 3132 382 3194 agro
402 3117 506 3177 Latino
530 3125 625 3178 castra
650 3118 781 3197 posuisse
807 3119 973 3179 nuntiatum
996 3123 1082 3184 esset,

129 3199 268 3277 Scipione
290 3200 370 3278 gravi
388 3199 493 3261 morbo
513 3198 644 3278 inplicito
666 3198 809 3261 Gallicum
834 3199 944 3260 bellum
969 3198 1081 3278 Popilio

128 3289 211 3344 extra
227 3282 362 3344 ordinem
382 3281 491 3344 datum.
523 3284 550 3342 is
570 3285 686 3361 inpigre
712 3283 842 3343 exercitu
864 3285 986 3362 scripto,
1013 3289 1112 3344 cume

39 3419 46 3430 .
128 3368 225 3429 omnis
240 3375 321 3429 extra
339 3374 455 3446 porum
469 3366 616 3446 Capenam
636 3365 673 3426 ad
687 3366 787 3426 Martis
807 3365 910 3427 aedem
926 3365 1084 3427 convenire

129 3457 258 3512 armatos
271 3453 403 3512 iuniores
422 3451 555 3512 iussisset
573 3451 714 3530 signaque
737 3448 841 3511 eodem
862 3457 1033 3531 quaestores
1048 3467 1084 3512 ex
