2532 3938
313 220 407 261 urana
420 219 475 262 vu.
492 219 559 264 cue.
579 209 603 263 t.
615 209 641 263 b.
663 198 702 282 [c.
718 202 752 264 Ο.
768 209 827 264 363.
842 201 903 286 362]
1071 213 1089 272 5

132 366 245 429 vincula
267 367 376 438 ductis,
401 369 492 427 invisa
514 376 591 438 eret,
613 377 643 428 et
657 375 724 430 autc
741 372 838 430 onmia
851 372 976 432 invisum
995 373 1123 450 ipsumtt

131 453 282 531 ingenium
297 459 381 514 atrox
396 457 619 531 cognomenque
633 452 787 532 Imperiosi
814 471 901 530 grave
918 455 1030 516 liberae
1051 458 1090 516 ci·

132 538 211 597 vitati
228 535 265 596 ab
280 537 476 596 ostentatione
496 538 631 596 saevitiae
646 537 802 608 adscitum,
819 557 907 616 quam
922 559 981 600 nou
997 542 1091 617 magis

131 624 161 680 in
176 620 279 682 alienis
296 639 383 698 quam
403 621 435 680 in
449 621 590 698 proximis
611 637 645 680 ac
660 623 802 698 sanguine
821 623 884 701 ipse
899 643 952 684 suo
971 643 1089 686 exerce·

131 713 186 766 ret.
224 705 399 782 criminique
424 705 450 763 ei
470 702 606 764 tribunus
624 705 703 764 inter
725 713 824 766 cetera
842 706 943 776 dabat,
963 708 1041 787 quod
1056 709 1120 768 bs

130 789 202 849 lium
216 789 367 856 iuvenem,
385 785 493 847 nullius
511 787 615 866 probri
630 797 818 866 conpertum,
844 801 991 853 extorrem
1007 791 1089 862 urbe,

132 873 229 942 domo,
246 871 415 950 penatibus,
433 870 515 941 foro,
535 870 616 942 luce,
632 889 794 950 congressu
809 875 973 954 aequalium
989 876 1089 954 prohi-

131 955 240 1025 bitum,
255 957 286 1016 in
303 973 377 1035 opus
395 953 514 1024 servile,
532 973 626 1034 prope
640 957 671 1017 in
686 975 837 1019 carcerem
858 967 946 1038 atquc
959 961 990 1020 in
1006 977 1089 1036 erga·

131 1039 240 1100 stulum
256 1039 383 1110 dederit,
406 1037 456 1098 ubi
470 1056 585 1099 summo
601 1040 666 1100 loco
687 1049 771 1102 natus
787 1042 959 1104 dictatorius
978 1044 1121 1103 iuvenisb

131 1123 275 1184 cotidiana
293 1124 411 1183 miseria
433 1121 560 1184 disceret
574 1141 643 1184 vere
659 1125 821 1204 imperioso
838 1135 923 1205 patre
937 1145 970 1188 se
989 1136 1089 1188 natum

131 1225 204 1268 esse.
245 1216 376 1286 utquam
393 1207 431 1266 ob
448 1209 572 1268 noxemi
594 1209 661 1286 quia
680 1208 868 1271 infacundior
887 1214 925 1271 sit
941 1220 970 1272 et
990 1211 1089 1288 lingua

130 1293 323 1370 inpromptus.
366 1291 444 1370 quod
465 1298 587 1352 naturae
613 1293 753 1354 damnum
776 1299 875 1355 utrum
901 1295 1121 1355 nutriendumd

130 1375 215 1455 patri,
231 1375 256 1434 si
272 1376 427 1454 quicquam
441 1376 473 1434 in
488 1393 524 1434 eo
539 1375 660 1436 humani
678 1384 770 1446 esset,
785 1395 822 1438 an
839 1378 1040 1455 castigandum
1056 1396 1090 1436 ac

130 1460 283 1519 vexatione
297 1459 412 1536 insigne
428 1458 595 1520 faciendum
611 1459 720 1521 fuisset
741 1479 778 1520 ne
794 1470 889 1522 mutas
903 1462 1022 1541 quidem
1037 1461 1089 1520 be·

131 1544 201 1603 stlas
212 1545 309 1602 minus
320 1541 399 1602 alere
413 1561 447 1603 ac
462 1542 572 1614 fovere,
587 1547 613 1604 si
627 1544 696 1622 qnid
710 1563 746 1605 ex
761 1548 902 1623 progenie
917 1565 968 1605 sua
985 1563 1090 1624 parum

130 1644 303 1708 prosperum
321 1626 370 1687 sit:
389 1632 419 1686 at
432 1626 597 1688 herculei..
610 1627 748 1689 Manlium
763 1629 873 1690 malum
889 1629 965 1692 malo
981 1647 1089 1706 augere

56 1765 58 1769 ,
130 1710 180 1772 tilii
198 1718 227 1771 et
248 1710 413 1770 tarditatem
435 1713 545 1788 ingenii
564 1713 686 1791 insuper
700 1731 837 1790 premere
858 1725 900 1782 et,
922 1716 946 1773 si
968 1713 1038 1792 quid
1058 1714 1089 1773 in

130 1815 165 1856 eo
182 1797 319 1874 exiguum
334 1793 475 1854 naturalis
490 1796 597 1872 vigoris
612 1797 663 1866 sit,
681 1796 711 1854 id
727 1799 913 1876 exstinguere
927 1799 984 1858 rita
1004 1815 1089 1874 agre·

130 1882 168 1942 sti
183 1886 212 1940 et
231 1881 341 1940 rustico
358 1877 438 1939 cultu
457 1880 536 1938 inter
556 1879 684 1956 pecudes
705 1881 851 1942 babendo.
895 1882 928 1941 V.
951 1879 1089 1942 Omnium

131 1965 227 2044 potius
247 1964 292 2024 his
317 1962 569 2022 criminationibus
591 1982 679 2042 quam
706 1966 796 2043 ipsius
820 1967 933 2026 iuvenis
954 1966 1090 2024 inritatus

129 2061 172 2110 est
194 2054 320 2110 animus:
344 2052 415 2130 quin
429 2057 532 2112 contra
554 2068 719 2130 aequoque
739 2055 856 2128 parenti
877 2070 996 2112 causam
1017 2053 1117 2112 invi-a

127 2135 191 2195 diae
214 2143 301 2210 atquc
317 2136 472 2194 criminum
490 2152 555 2196 esse
570 2151 785 2214 aegrepassus,
810 2145 841 2196 ut
857 2154 963 2206 omues,
974 2136 1014 2195 dii
1035 2135 1089 2196 bo-

127 2221 283 2295 rnincsque
305 2220 431 2288 scirent,
454 2237 486 2278 se
501 2221 619 2298 parenti
640 2237 726 2296 opem
743 2218 831 2278 latam
854 2237 940 2297 quam
962 2219 1091 2278 inimicis

128 2305 194 2363 eius
214 2302 316 2371 malle,
340 2305 420 2380 capit
440 2301 596 2362 consilium
617 2303 699 2361 rudis
714 2302 834 2377 quidem
857 2309 944 2380 atque
967 2305 1090 2379 agrestis

128 2389 219 2446 animi
232 2394 261 2446 et
272 2401 447 2464 quamquam
459 2401 519 2445 non
535 2385 626 2444 civilis
641 2384 776 2462 exempli,
795 2392 891 2444 tamen
906 2387 1016 2463 pietate
1026 2383 1090 2444 lau·

128 2468 234 2529 dabile.
251 2468 452 2530 'inscientibus
473 2471 585 2528 cunctis
600 2467 696 2530 cultro
710 2471 878 2538 succinctus
895 2487 981 2530 mane
995 2470 1026 2528 iu
1042 2474 1118 2529 nr·3

129 2553 196 2613 bem
219 2548 307 2634 atque
330 2572 345 2614 a
368 2560 455 2630 porta
477 2553 596 2612 domurn
613 2553 767 2614 confestim
790 2553 825 2612 ad
841 2553 878 2613 M.
895 2553 1089 2631 Pomponium

127 2635 279 2698 tribunum
295 2639 406 2714 pergin
428 2638 545 2698 ianitori
561 2655 634 2714 opus
650 2655 715 2696 esse
736 2635 792 2696 sibi
807 2635 928 2696 domino
943 2637 1005 2696 eins
1020 2654 1090 2696 con·

127 2728 215 2781 rento
237 2719 384 2798 extemplo
405 2723 461 2780 ait:
486 2723 648 2789 nuntiaret,
672 2720 771 2780 Titum
791 2720 933 2781 Manlium
949 2719 980 2780 L.
998 2718 1091 2782 filiurn

128 2821 201 2864 esse.
235 2823 303 2864 mox
318 2803 504 2864 introductus
523 2837 558 2848 -
575 2806 684 2864 etenim
699 2805 846 2883 percitum
866 2806 910 2866 ira
931 2805 962 2864 in
977 2810 1120 2882 patremt

103 2905 195 2972 xspes
218 2897 282 2948 erat
304 2897 354 2948 aut
376 2887 509 2948 criminis
530 2887 640 2965 aliquid
663 2891 731 2949 novi
759 2897 809 2950 aut
831 2887 946 2949 consilii
969 2888 1005 2950 ad
1027 2907 1091 2948 rem

128 2971 272 3046 agendam
294 2971 411 3032 deterre
432 3003 475 3016 -
497 2972 590 3033 salute
619 2979 738 3052 recepta
759 2973 926 3051 reditaqne‚
955 2991 1020 3032 esse
1042 2974 1091 3040 ait,

129 3069 295 3130 quaecum
318 3073 463 3133 coegere
491 3055 612 3116 arbitris
638 3058 760 3117 remotis
782 3056 859 3118 velit.
898 3055 1002 3135 procul
1023 3054 1119 3114 iudet

129 3136 266 3197 omnibus
281 3137 364 3198 abire
373 3140 460 3200 iussis
472 3139 600 3200 cultrum
612 3142 730 3217 stringit
741 3147 771 3198 et
782 3158 871 3217 super
885 3138 993 3198 lectum
1011 3147 1092 3197 stans

128 3221 208 3281 terro
223 3222 349 3290 intento,
372 3224 430 3282 nisi
443 3223 474 3283 in
488 3241 563 3302 qnae
583 3225 648 3301 ipse
664 3223 846 3300 concepisset
867 3221 954 3282 verba
970 3222 1089 3290 iuraret,

128 3323 160 3364 se
175 3308 269 3383 patris
285 3307 347 3366 eius
363 3306 519 3366 accusandi
538 3317 627 3367 carisa
642 3305 796 3366 concilium
818 3304 911 3383 piebis
931 3322 1091 3382 numquam

129 3387 309 3457 habiturum,
325 3408 440 3450 seeum
456 3391 603 3468 extemplo
619 3391 827 3450 transfixurum
842 3390 980 3449 minatur.
1014 3389 1121 3466 pavi-6

128 3472 183 3533 dus
199 3473 352 3542 tribunus,
376 3475 482 3552 quippe
505 3477 554 3553 qni
575 3475 688 3535 ferrum
710 3481 777 3533 ante
795 3471 897 3532 oculos
911 3473 1037 3540 micare,
1060 3489 1093 3532 se
