2546 3936
347 211 441 254 onos
451 211 558 254 som.
574 197 599 249 1.
611 199 638 249 ι.
655 188 695 272 [a.
704 192 807 254 daos.
816 190 878 274 ooo]
1033 197 1095 260 149
1124 223 1131 230 -

137 359 250 423 colonis
263 358 422 439 pelluntur.
445 367 576 421 ceterum
588 367 701 420 tantum
708 359 819 420 Romae
830 368 976 421 terrorem
987 359 1125 432 laceres

136 447 205 525 quia
231 445 279 504 rix
303 443 444 504 credibile
466 450 529 506 erat
554 452 615 506 ιιιιι
638 443 760 505 adfectis
780 443 870 505 rebus
893 443 971 504 solos
994 463 1048 523 per
1064 463 1096 506 se

135 531 253 608 Aequos
265 527 301 587 ad
316 526 427 588 bellum
441 535 574 597 coortos,
589 534 622 588 ut
633 526 774 589 tumultus
791 529 854 588 eius
869 545 956 588 causo
970 527 1097 590 dictator

136 612 285 672 diceretur
302 611 333 673 C.
355 611 455 672 lunius
471 611 630 674 Bubulcus.
674 630 741 672 oum
756 611 795 673 M.
820 611 930 672 Titinio
955 613 1123 690 magistros

137 697 268 774 equitum
291 694 442 774 profectus
461 697 556 775 primo
584 713 746 773 congressu
763 695 880 775 Aequos
902 693 1033 772 subegit,
1063 714 1097 757 ac

136 779 182 839 die
210 785 311 840 octavo
335 779 520 858 triumphans
544 782 575 840 in
601 779 705 840 urbem
728 797 795 840 cum
823 779 962 848 redisset,
993 778 1096 840 aedem

134 861 262 1008 sals-¹⁶⁵⁹
248 881 365 942 ,quam
380 863 482 924 consul
500 871 630 934 voverat,
655 881 761 924 censor
787 863 949 933 locaverat,
972 862 1096 925 dictator

134 946 170 1006 de
192 947 286 1006 inavit.

195 1029 233 1091 ll.
266 1029 378 1090 Eodem
403 1047 480 1091 anno
504 995 605 1093 elassis
627 1032 807 1093 Graecorum
836 1029 994 1110 Cleonymo
1023 1030 1123 1093 ducet

137 1111 368 1178 Lacedaemonio
384 1113 421 1174 ad
435 1113 536 1176 ltaliae
555 1113 643 1176 litora
664 1114 785 1194 adpulsa
799 1114 926 1176 Thurias
942 1114 1071 1176 urbem·
1062 1132 1095 1174 ιιι

133 1196 303 1288 Sallentinis
325 1199 412 1277 cepit
449 1199 588 1259 adversus
608 1198 687 1258 hunc
701 1200 817 1259 bostem
840 1199 943 1260 consul
955 1196 1124 1260 Aemiliusi

132 1273 239 1342 missus
256 1281 371 1361 proelio
393 1299 452 1342 uno
471 1280 603 1360 iugatum
625 1280 784 1360 conpulit'
776 1298 808 1341 111
828 1299 926 1343 nares
965 1282 1095 1344 Thuriae

132 1363 267 1426 redditae
286 1366 378 1426 reteri
401 1363 508 1425 cultori
529 1364 749 1445 Sallentinoque
765 1382 836 1442 agro
850 1384 908 1444 pax
923 1373 1017 1464 parta.
1048 1365 1094 1426 lu·
1108 1373 1124 1423 3

132 1449 217 1508 nium
230 1446 395 1510 Bubulcum
412 1448 585 1510 dictatorem
599 1451 721 1510 missum
738 1451 769 1510 in
785 1447 988 1510 Sallentinos
979 1466 1010 1508 ιιι
1031 1451 1094 1528 qni·

133 1530 258 1593 busdam
286 1531 440 1594 enodibus
460 1533 593 1605 invenio,
624 1541 653 1594 et
678 1533 886 1613 Cleonymum,
923 1533 1093 1613 priusquam

134 1615 353 1694 confligendum
374 1624 451 1680 esset
470 1634 537 1678 cum
558 1617 713 1689 Romanis,
734 1617 818 1678 Italia
835 1619 1003 1680 excessisse.
1036 1616 1122 1676 eir-a

134 1709 301 1772 cumreotus
326 1701 395 1762 inde
416 1701 566 1762 Brundisii
587 1703 825 1782 promunturium
846 1701 1003 1782 medioque
1028 1703 1095 1762 sinu

132 1782 300 1845 Hadriatico
312 1786 406 1846 ventis
420 1785 511 1856 latus,
528 1803 594 1847 oum
605 1787 705 1848 laeva
696 1795 867 1868 inportuosa
881 1786 983 1848 ltaliae
997 1784 1093 1855 litora,

110 1931 115 1936 ,
134 1867 236 1928 dextra
251 1867 343 1948 illyrii
360 1868 543 1951 Liburnique
559 1879 588 1932 et
604 1871 710 1940 Histri,
728 1877 830 1948 gentes
845 1871 925 1930 lerae
942 1877 972 1931 et
988 1887 1093 1946 magna

134 1959 265 2030 exparte
278 1952 440 2015 latrociniis
454 1954 608 2016 maritimis
630 1954 769 2025 infames,
795 1960 957 2022 terrerent,
977 1956 1095 2050 penitus

133 2034 170 2096 ad
187 2034 273 2098 litora
289 2037 468 2099 Venetorum
482 2039 626 2117 pervenit.
666 2038 806 2116 expositis
821 2038 939 2114 pauciS,
962 2039 1013 2115 qui
1029 2035 1121 2096 locas

134 2119 339 2199 explorarent,
368 2140 435 2182 cum
459 2122 588 2182 audisset
608 2128 696 2181 tenue
718 2127 906 2199 praetentum
926 2119 996 2180 litus
1019 2137 1093 2189 esse,

133 2202 212 2282 quod
233 2206 426 2281 transgressis
449 2211 553 2282 stagna
573 2203 610 2264 ab
637 2210 720 2282 tergo
743 2203 802 2264 sint
824 2204 940 2281 inrigua
966 2203 1093 2264 aestibus

133 2287 303 2356 maritimis,
327 2303 414 2363 agros
428 2286 507 2347 haud
522 2285 626 2365 procul
641 2288 792 2366 proximos
812 2288 986 2364 campestris
1002 2287 1092 2354 cerni,

133 2368 273 2430 ulteriora
289 2368 372 2430 collis
385 2369 479 2430 rideri
497 2389 575 2441 esse,
601 2372 707 2431 ostium
723 2369 853 2430 fluminis
874 2367 1012 2446 praealti,
1036 2375 1123 2448 quoe

133 2454 295 2532 circumagi
310 2471 398 2514 naves
413 2455 445 2514 in
459 2455 613 2514 stationem
626 2461 718 2515 tutam
729 2456 847 2530 possint
859 2451 965 2513 vidisse
979 2483 1020 2496 -—
1032 2453 1092 2513 ille-

133 2538 244 2598 duacus
259 2539 354 2598 amnis
365 2544 429 2599 erat
443 2556 500 2606 -;
517 2556 552 2598 eo
563 2539 708 2599 invectam
723 2537 847 2598 classem
860 2533 960 2596 subire
972 2537 1093 2598 llundne

132 2622 255 2682 adverso
274 2623 367 2684 iussit.
403 2623 599 2699 gravissumas
622 2622 739 2682 navium
761 2639 821 2682 non
847 2619 969 2700 pertulit
995 2619 1120 2681 alnensi

131 2705 276 2768 ssuminis:
298 2707 330 2766 in
351 2705 460 2768 leviora
481 2707 593 2783 navigia
619 2713 802 2784 transgressa
826 2703 981 2766 multitudo
996 2721 1091 2765 arma·

130 2795 229 2852 torum
246 2789 282 2852 ad
299 2790 470 2871 frequentes
486 2806 586 2867 agros,
608 2787 703 2850 trihus
717 2789 870 2850 maritimis
885 2789 1091 2852 Patavinorum

130 2875 201 2935 vicis
218 2873 382 2936 colentibus
403 2892 467 2934 eam
485 2891 584 2945 oram,
605 2875 749 2954 pervenit.
785 2872 827 2934 ibi
852 2876 963 2954 egressi
979 2875 1090 2955 praesi-
1079 2879 1119 2929 -8

131 2955 180 3016 dio
194 2955 252 3018 levi
263 2958 385 3020 navibus
400 2957 503 3019 relicto
519 2960 598 3020 vicos
610 2966 789 3039 expugnant,
806 2959 990 3021 inflammant
1002 2967 1089 3028 tecta,

129 3038 283 3103 hominum
298 3040 503 3122 pecudumque
523 3042 648 3122 praedas
673 3050 764 3122 agunt
784 3049 813 3103 et
829 3043 984 3104 dulcedine
1004 3060 1090 3120 prae·

131 3124 220 3185 dandi
233 3126 351 3204 longius
365 3144 459 3206 usque
479 3144 495 3186 a
512 3127 632 3189 navibus
646 3127 830 3225 procedunt..
852 3127 926 3186 haec
940 3125 991 3186 ubi
1005 3125 1089 3186 Pata·
1101 3129 1118 3178 9
1149 3155 1161 3168 ·

129 3211 208 3270 vium
224 3217 294 3271 sunt
308 3212 495 3272 nuntiata-
459 3229 626 3291 -semper
637 3220 735 3272 autem
752 3229 802 3270 eos
820 3210 957 3271 inarmis
973 3207 1090 3280 accolae

76 3287 80 3296 “
129 3293 205 3358 Galli
226 3293 443 3357 habebant—
446 3297 510 3365 ,in
530 3296 602 3357 duas
616 3302 722 3380 partes
745 3295 926 3354 iuventutem
947 3277 1087 3352 dividunt.

129 3377 243 3440 altera
234 3399 265 3441 ra
282 3380 450 3479 regionem,
466 3397 523 3457 qua
539 3375 629 3442 effusa
654 3376 803 3458 populatio
827 3375 980 3439 nuntiabat
968 3383 1030 3444 tur,
1048 3375 1088 3438 al·

129 3467 206 3536 tera,
222 3483 260 3526 ne
277 3482 324 3526 our
315 3463 522 3545 praedonum
537 3463 622 3525 obvia
636 3464 736 3532 fieret,
751 3461 843 3524 altero
858 3462 964 3522 itinere
980 3459 1016 3522 ad
1030 3467 1088 3522 sta·
