2542 3956
142 91 206 154 360
297 102 390 146 trena
411 99 502 143 xxnr.
518 99 587 144 oar.
605 86 649 141 ³9.
665 85 710 142 to.
726 76 767 162 [a.
783 100 814 144 n.
830 99 857 142 e.
874 77 936 162 tao]

143 255 277 316 Poenum
292 251 478 323 defecerant,
502 248 611 313 Fabius
626 249 654 310 vi
667 252 762 332 cepit:
784 249 988 332 praesidiaque
1008 249 1041 310 in
1055 249 1102 312 bis

109 349 129 397 ‘7
143 336 313 400 Hannibalis
335 335 536 417 Campanique
562 333 701 412 permulti
727 337 815 415 capti.
856 341 886 396 et
909 332 1000 396 Nolae
1025 335 1103 397 sicut

142 426 243 501 priore
259 439 337 484 anno
358 429 477 482 senatus
495 420 711 490 Romanorum,
734 419 818 501 plebs
836 416 1007 481 Hannibalis
1028 428 1100 488 erat,

143 505 322 587 consiliaque
336 503 449 567 occulta
462 505 498 566 de
512 503 602 566 caede
613 504 781 584 principum
795 510 825 565 et
837 503 1005 584 proditione
1019 502 1101 566 urbis

114 589 303 659 ainibantur.
334 588 440 670 quibus
455 607 494 650 ne
508 590 625 668 incepta
640 588 855 667 procederent,
876 589 956 649 inter
973 587 1102 668 Capuam

144 684 299 756 castraque
309 672 496 744 Hannibalis,
511 691 587 753 quae
602 673 632 730 in
643 670 747 734 'litatis
761 680 854 743 erant,
870 671 1006 734 traducto
1017 689 1101 734 exer·

143 762 203 822 citu
215 759 321 821 Fabius
335 776 425 837 super
432 755 600 824 Suessulam
613 757 644 816 in
656 757 760 818 castris
771 757 938 820 Claudianis
952 755 1101 826 consedit:

113 873 121 887 ν
142 845 213 906 inde
224 843 263 910 Μ.
277 841 449 906 Marcellum
465 847 690 922 propraetorem
706 859 773 902 cum
788 843 823 902 iis
839 842 947 922 copiis,
964 858 1038 921 quas
1048 838 1101 901 ba·

144 926 247 998 bebat,
263 926 367 989 Nolam
383 928 415 987 in
429 924 608 1005 praesidium
624 925 713 986 misit.

116 1019 128 1072 t
203 1011 262 1074 XL.
296 1011 334 1072 Et
355 1012 386 1072 in
409 1008 545 1071 Sardinia
567 1025 617 1068 res
640 1025 695 1088 per
715 1009 751 1071 Τ.
772 1009 912 1072 blanlium
932 1016 1100 1090 praetorem

143 1094 343 1156 administrari
364 1101 501 1174 coeptae,
523 1111 599 1173 quae
620 1094 747 1154 omissae
767 1101 865 1166 erant,
887 1101 1042 1173 postquam
1064 1093 1099 1164 0.

115 1179 257 1241 2Hucius
271 1185 392 1260 praetor
407 1179 488 1258 gravi
505 1175 610 1239 morbo
626 1183 670 1238 est
684 1177 842 1257 inplicitus.
877 1175 1003 1240 Manlius
1021 1178 1098 1238 navi·

143 1260 200 1325 bus
213 1261 309 1341 longis
323 1262 360 1325 ad
375 1262 485 1326 Caralis
499 1260 651 1322 subductis
666 1261 876 1342 navalibusque
897 1263 986 1324 sociis
1006 1279 1100 1324 arma·

143 1348 196 1419 tis,
216 1355 249 1410 nt
261 1355 340 1410 terra
355 1365 419 1408 rem
448 1352 584 1423 gereret,
605 1354 635 1406 et
649 1363 665 1406 a
680 1351 818 1426 praetore
834 1347 965 1408 exercitu
980 1353 1101 1425 accepto

143 1430 203 1493 dnn
217 1439 248 1494 et
261 1433 364 1510 viginti
378 1430 459 1492 mHia
471 1430 617 1510 peditum,
640 1429 721 1492 mille
737 1430 879 1494 ducentos
900 1431 1013 1512 equites
1029 1447 1102 1491 con·

113 1515 221 1578 aiecit.
259 1533 326 1578 cum
347 1515 393 1577 iris
421 1517 552 1596 equitum
571 1513 762 1595 peditumque
786 1516 878 1595 copiis
899 1514 1049 1594 proiectus
1070 1515 1102 1575 in

142 1617 246 1678 agrum
257 1599 386 1662 bostium
400 1598 478 1661 baud
493 1597 597 1678 procul
612 1597 648 1658 ab
659 1598 868 1678 Hampsicorae
883 1600 986 1660 castris
1004 1605 1101 1674 castra

141 1685 248 1762 posuit.
282 1685 474 1761 Hampsicora
496 1689 558 1742 tum
580 1682 657 1742 iorte
677 1683 827 1762 proiectus
851 1689 915 1744 erat
934 1684 966 1744 in
979 1680 1100 1743 Pellitos

142 1765 252 1828 Sardos
272 1766 309 1826 ad
330 1767 510 1827 iuventutem
532 1763 720 1837 armandam,
750 1785 806 1846 qua
835 1769 935 1847 copias
962 1775 1101 1845 augerem

111 1848 218 1910 atilius
232 1850 352 1912 nominc
362 1847 461 1912 liostis
473 1850 576 1910 castris
587 1856 733 1929 praeerat.
764 1851 789 1912 is
803 1850 1001 1914 adolescentia
1015 1849 1102 1912 ierox

142 1941 255 1998 temere
267 1933 381 2016 proeHo
400 1935 473 1995 inito
489 1933 570 1994 tusus
590 1934 774 2014 fugatusque.
810 1935 846 1996 ad
863 1936 920 1996 tria
935 1933 1015 1996 milia
1030 1933 1101 1996 Sar-

115 2023 131 2074 a
146 2017 250 2081 dorum
266 2038 301 2081 eo
312 2017 426 2099 proelio
440 2035 538 2090 caesa,
555 2019 717 2096 octingenti
730 2017 824 2080 ierme
838 2021 895 2080 rivi
910 2019 1002 2100 capti;
1026 2018 1101 2081 alius

142 2103 289 2164 exercitus
309 2104 406 2182 primo
425 2120 480 2183 per
501 2119 588 2181 agros
609 2100 753 2182 silvasque
779 2103 848 2183 iuga
870 2102 999 2185 palatus,
1020 2103 1099 2173 dein,

141 2203 200 2265 qno
217 2185 321 2248 ducem
338 2186 448 2265 iugisse
463 2185 541 2252 lama
556 2193 634 2262 erat,
652 2185 688 2248 ad
702 2186 808 2249 nrbem
822 2190 942 2250 nomine
958 2188 1100 2259 Cornum,

112 2275 230 2349 ucaput
244 2272 307 2332 eius
328 2271 471 2350 regionis,
495 2270 635 2350 confugit.
674 2270 911 2353 debedatumqne
933 2289 969 2334 eo
983 2270 1101 2352 proelio

140 2353 172 2415 in
187 2355 323 2417 Sardinia
338 2361 429 2426 esset,
446 2355 477 2416 ni
493 2354 718 2418 classis'Punica
733 2374 801 2419 cum
816 2357 890 2419 duce
904 2354 1100 2424 Hasdrubale,

141 2455 216 2517 quae
232 2445 406 2517 tempestate
430 2439 543 2501 deiecta
565 2438 601 2500 ad
616 2438 740 2503 baliaris
762 2447 835 2513 erat,
864 2441 1045 2522 intempore
1061 2441 1100 2500 ad

110 2528 222 2602 ispem
237 2523 402 2585 rebellandi
411 2523 585 2585 advenisset.
615 2523 739 2586 blanlius
753 2533 821 2605 post
833 2523 942 2586 famam
958 2522 1101 2604 adpulsae

139 2604 268 2668 Punicae
283 2606 384 2670 classis
396 2607 554 2681 Caralisse
568 2609 694 2687 recepit:
710 2626 743 2670 ea
758 2609 874 2671 occasio
888 2608 1101 2688 Hampsicorae

110 2693 128 2746 8
142 2688 209 2750 data
224 2699 269 2752 est
283 2692 384 2754 Poeno
399 2710 431 2754 se
445 2693 595 2773 iungendi.
628 2691 807 2764 llasdrubal,
833 2693 925 2773 copiis
942 2696 1100 2754 interram

140 2775 281 2852 expositis
296 2793 332 2835 ex
347 2775 440 2837 classe
454 2778 578 2838 remissa
594 2775 800 2855 Carthaginem
815 2776 890 2838 duce
904 2775 1097 2855 Hampsicora

139 2855 176 2918 ad
191 2857 338 2918 sociorum
350 2857 451 2936 popuii
466 2859 590 2918 Romani
602 2876 705 2935 agrum
721 2859 921 2938 populandum
936 2859 1097 2938 proiectus,

140 2939 251 3004 Caralis
272 2947 467 3020 perventurus
491 2946 567 3009 erat,
599 2941 630 3000 ni
651 2941 777 3004 Manlius
799 2944 884 3005 obvio
906 2943 1038 3004 exercitu
1059 2941 1099 3002 ab

109 3029 128 3080 *o
140 3025 229 3087 eiinsa
248 3042 314 3096 eum
332 3022 522 3104 populatione
538 3024 739 3086 continuisset.
769 3029 865 3106 primo
881 3033 977 3089 castra
993 3027 1098 3088 castris
1179 3015 1183 3032 '

139 3109 255 3170 modico
268 3107 425 3184 intercedo
444 3115 514 3170 sunt
527 3107 654 3177 obiecta;
672 3107 778 3171 deinde
793 3129 848 3191 per
859 3110 1098 3190 procursationes

139 3191 212 3254 levia
229 3193 391 3254 certamina
413 3193 492 3253 vario
512 3199 618 3257 eventu
637 3193 727 3265 inita,
748 3202 898 3274 postremo
921 3193 1096 3256 descensrnn

139 3278 170 3336 in
187 3279 296 3347 aciem,
314 3277 405 3354 signis
425 3274 547 3338 conlatis
561 3276 637 3338 iusto
653 3275 768 3356 proelio
783 3296 837 3358 per
853 3285 992 3358 quattuor
1006 3277 1098 3337 boras

97 3363 129 3414 ιο
141 3368 312 3439 pugnatum.
334 3360 383 3420 diu
393 3377 522 3439 pugnam
533 3361 691 3441 ancipitem
700 3362 802 3434 Poeni,
816 3362 916 3424 Sardis
925 3360 1097 3423 iacilerinci
