2538 3946
929 42 1138 56 -.η--ῌικ-
1143 48 1157 50 ψ

199 265 260 356 222
383 307 476 351 arasa
489 307 553 352 xxa.
569 307 638 350 aar.
653 293 697 352 21.
713 295 756 349 22.
772 282 811 368 [a.
823 308 854 350 u.
869 307 895 350 a.
906 282 971 367 too]

200 455 288 517 Gadis
308 455 457 536 proiectus
469 453 590 515 Herculi
604 461 670 515 rota
685 453 820 522 exsolvit,
839 453 979 531 novisque
999 471 1033 514 sc
1049 451 1171 532 obligat

158 540 289 609 wratis,
310 540 336 600 si
354 549 452 600 cetera
471 555 612 618 prospera
633 539 805 599 evenissent.
836 534 905 598 inde
924 538 1059 616 partiens
1076 555 1169 598 curas

200 621 286 684 simul
308 626 342 684 io
362 621 551 683 inferendum
571 629 658 701 atque
677 620 837 682 arcendum
856 618 982 690 bellum,
1010 638 1065 691 ne,
1091 621 1166 682 dum

200 707 262 784 ipse
290 707 425 767 terrestri
450 723 505 784 per
524 705 694 785 Hispaniam
724 703 888 782 Galliasque
913 703 1021 764 itinere
1044 704 1165 764 ltaliam

84 841 86 846 .
199 795 327 868 peteret,
349 789 427 850 nuda
448 795 606 868 apertaque
620 788 760 848 Romanis
776 787 875 848 Africa
894 785 931 847 ab
948 785 1048 846 Sicilia
1074 797 1163 856 esset,

159 879 188 930 11
204 871 297 933 valido
318 871 464 952 pracsidio
487 872 606 932 firmare
621 889 686 935 eam
707 872 816 932 statuit.
850 888 905 949 pro
920 887 955 930 eo
970 869 1160 950 supplentem

200 963 262 1017 tum
284 958 347 1036 ipse
373 974 409 1016 ex
429 955 527 1015 hirioa
547 955 673 1015 maxime
697 952 904 1023 iaculatorum,
929 952 1037 1013 leriam
1060 955 1161 1024 armis,

199 1038 298 1118 petiit,
317 1047 350 1099 ut
364 1039 427 1098 diri
449 1040 480 1097 in
491 1038 643 1116 Hispania,
659 1037 782 1116 Hispani
800 1035 952 1107 iudlrioa,
969 1033 1078 1098 melior
1090 1054 1160 1116 pro·

200 1121 300 1183 calab
317 1121 405 1181 domo
429 1120 544 1181 iuturus
566 1129 690 1200 uterque
714 1120 812 1192 miles,
833 1118 1034 1192 velutmutuis
1056 1121 1161 1200 pigne·

159 1213 191 1264 12
202 1205 285 1264 ribus
307 1203 441 1281 obligati,
460 1205 605 1284 stipendia
626 1205 766 1265 lacerent.
804 1203 946 1264 tredecim
966 1201 1047 1262 milia
1068 1205 1158 1264 octiu-

200 1295 305 1367 geutos
320 1289 529 1367 quinquaginta
550 1287 663 1366 pedites
681 1293 825 1352 caetratos
842 1286 921 1348 misit
938 1287 970 1346 in
985 1286 1118 1348 Africam
1135 1295 1161 1346 et

200 1371 364 1432 funditores
375 1370 513 1432 Baleares
525 1373 709 1450 octingentos
720 1371 1043 1450 septuaginta,eqaites
1055 1371 1162 1430 mixtos

159 1462 190 1514 13
203 1474 239 1516 ex
262 1454 362 1516 multis
387 1455 525 1533 gentibus
552 1454 632 1516 mille
653 1453 803 1515 ducentos.
851 1453 904 1513 has
927 1454 1027 1531 copias
1052 1456 1161 1532 partim

190 1539 371 1617 ‚Carthagini
392 1537 540 1616 praesidio
560 1555 638 1609 esse,
666 1539 773 1616 partim
794 1535 931 1598 distribui
955 1553 1009 1614 per
1031 1537 1161 1597 hirioam

200 1622 291 1683 iubet.
329 1621 416 1681 simul
436 1621 683 1700 conquisitoribus
703 1622 734 1680 ln
754 1621 883 1682 civitates
904 1618 1001 1680 missis
1023 1626 1159 1699 quattuor

201 1705 281 1766 milia
303 1705 470 1783 conscripta
492 1703 622 1765 delectae
646 1705 816 1774 iuventutis,
838 1702 1017 1782 praesidium
1041 1702 1159 1764 eosdem

176 1795 231 1847 let
253 1787 384 1855 obsides,
411 1786 477 1846 duci
501 1786 706 1862 Carthaginem
727 1786 817 1847 iubet.
861 1784 948 1847 XXII.
985 1787 1088 1866 Neque
1110 1786 1160 1846 Hi·

201 1871 334 1948 spaniam
347 1869 559 1946 neglegendam
571 1877 666 1939 ratae,
680 1878 766 1949 atque
777 1870 808 1930 id
820 1888 855 1930 eo
866 1872 976 1939 minus,
992 1871 1071 1948 quod
1082 1870 1161 1931 haud
1229 1865 1230 1930 l

201 1955 322 2031 ignarus
338 1962 401 2015 erat
416 1954 598 2014 circumitam
616 1952 652 2012 ab
666 1953 806 2014 Romanis
822 1971 887 2014 eam
902 1952 1006 2031 legatis
1027 1952 1064 2013 ad
1081 1952 1160 2014 solli-

203 2035 336 2098 citandos
347 2037 515 2115 principum
525 2037 654 2106 animos,
666 2036 841 2098 Hasdrubali
853 2037 1161 2115 iratr1,.rrr01np1gro,
1229 2091 1230 2098 ,

176 2129 269 2181 2eam
294 2121 477 2199 provinciam
500 2119 626 2180 destinat
650 2121 804 2200 firmatque
822 2138 889 2180 eum
908 2120 1015 2180 Africis
1034 2121 1160 2180 maxime
1229 2101 1230 2192 l

202 2203 370 2282 praesidiis,
392 2203 525 2283 peditum
536 2204 673 2264 Afrorum
690 2203 828 2264 undecim
846 2203 964 2264 milibus
985 2204 1161 2281 octingentis

174 2287 427 2366 tquinquagiuta‚
448 2287 605 2365 Liguribus
620 2289 778 2357 trecentis,
800 2286 963 2348 Baliaribus
985 2289 1161 2362 quingentis.

202 2371 239 2430 ad
254 2371 329 2432 haeo
339 2368 471 2448 peditum
483 2370 589 2432 auxilia
602 2369 692 2430 additi
702 2372 814 2449 equites
826 2369 1074 2448 Libyphoenices,
1086 2371 1161 2431 mir·

187 2451 265 2514 'tum
280 2454 424 2514 Punicum
439 2453 517 2514 diris
538 2472 645 2533 genus,
669 2452 875 2533 quadringenti
897 2455 1112 2528 quinquaqinta
1133 2461 1163 2512 et

200 2535 346 2598 Numidae
364 2534 538 2615 Maurique,
560 2537 676 2604 accolae
698 2537 819 2606 Oceani,
842 2537 878 2597 ad
900 2536 979 2596 mille
1001 2539 1163 2614 octingenti

201 2627 230 2680 et
263 2637 353 2699 parva
371 2619 530 2698 llergetum
549 2638 653 2680 manus
672 2638 708 2680 ex
725 2620 877 2698 Hispania,
900 2618 1019 2681 ducenti
1039 2621 1164 2699 equites,

201 2709 243 2773 et,
273 2701 405 2783 nequod
425 2705 574 2764 terrestris
589 2704 704 2764 deesset
720 2701 818 2763 auxilii
832 2720 937 2780 genus,
960 2702 1107 2782 elephanti
1120 2704 1163 2760 vi-

126 2783 128 2786 ’
173 2787 273 2863 agiuti
298 2805 382 2847 unus.
411 2785 511 2848 classis
526 2793 680 2866 praeterea
696 2784 762 2848 data
774 2787 811 2846 ad
826 2785 965 2848 tuendam
976 2787 1164 2846 maritumam

201 2883 305 2938 oram,
323 2871 405 2947 quia,
426 2887 482 2947 qua
497 2878 581 2949 parte
595 2868 666 2930 belli
680 2871 825 2941 vicerant,
842 2889 875 2931 ea
887 2876 950 2930 tum
966 2886 1082 2949 quoque
1096 2886 1164 2928 rem

195 2957 340 3028 'gesturos
362 2952 510 3012 Romanos
529 2952 612 3013 credi
632 2960 761 3031 poterat,
789 2955 996 3033 quinquaginta
1019 2953 1165 3031 quinque·

201 3049 318 3103 remes,
340 3033 541 3114 quadriremes
562 3035 650 3105 duae,
672 3037 809 3096 triremes
829 3038 974 3117 quinque;
1003 3035 1055 3096 sed
1076 3040 1164 3113 aptae

200 3119 421 3198 instructaeque
436 3119 559 3197 remigio
573 3119 693 3197 triginta
707 3126 737 3180 et
749 3118 821 3180 duae
835 3121 1063 3199 quinqueremes
1076 3125 1164 3178 erant

202 3209 232 3261 et
249 3203 387 3264 triremes
399 3203 538 3282 quinque.

175 3294 191 3345 5
262 3284 306 3346 Ab
330 3285 460 3346 Gadibus
475 3286 679 3365 Carthaginem
697 3287 733 3346 ad
753 3285 876 3347 hiberna
893 3287 1039 3347 exercitus
1062 3282 1161 3343 rediit.

202 3373 291 3445 atque
301 3367 371 3428 inde
383 3369 532 3446 protectus
545 3377 663 3448 praeter
675 3371 834 3430 Etouissam
847 3367 953 3429 urbem
968 3367 1005 3428 ad
1017 3366 1161 3428 Hiberum

175 3451 357 3508 amarituma
377 3468 428 3509 ora
443 3451 531 3510 ducit.
563 3451 605 3511 ihi
625 3452 703 3512 fama
718 3460 761 3513 est
780 3453 811 3512 in
834 3452 932 3530 quiete
955 3453 1048 3511 visum
1070 3448 1106 3509 ab
1124 3467 1161 3508 eo

203 3529 337 3588 iuuenem
367 3530 462 3590 divina
482 3535 591 3608 speeie,
614 3535 664 3610 qui
685 3552 715 3592 se
735 3533 771 3594 ab
785 3533 851 3594 lore
873 3533 985 3593 diceret
1004 3534 1109 3593 ducem
1129 3533 1162 3590 in
