2546 3936
178 241 181 246 .
209 166 252 227 64
321 182 324 186 ·
350 179 443 220 nmnn
455 177 527 218 van.
543 176 612 218 our.
629 164 671 217 ta.
689 163 729 214 14.
747 153 832 236 [au.
848 172 873 213 c.
889 151 1024 232 41333]

170 335 474 406 tomagnaquesaepe
487 327 534 387 usi
546 325 629 403 estis;
650 323 736 384 vultis
754 322 889 402 exemplo
903 324 1049 382 maiorum
1060 339 1178 402 augere
1241 357 1242 392 ;

210 429 275 471 rem
297 411 458 471 Romanam
481 412 573 469 victos
597 410 629 468 in
651 409 796 474 civitatem
823 407 1008 485 accipiendo:
1046 409 1176 468 materia
1241 417 1242 466 t

211 495 364 556 crescendi
381 513 435 574 per
453 511 598 554 summam
621 490 745 569 gloriam
765 490 941 570 suppeditat.
970 499 1051 550 certe
1068 489 1099 550 id
1122 491 1176 550 lir-

88 650 90 656 3
211 579 374 640 missimum
393 578 480 656 longe
497 577 654 656 imperium
667 582 725 645 est,
748 593 806 654 quo
822 574 1012 634 oboedientes
1032 574 1175 650 gaudent.
1241 597 1242 636 t

169 663 265 725 troad
280 671 426 725 maturato
443 679 518 740 opus
530 668 593 740 est,
616 658 756 738 quidquid
772 667 900 719 statuere
915 657 1021 737 placet.
1055 657 1099 717 tot
1119 675 1179 737 po·

211 746 295 826 pulos
311 749 388 807 inter
409 765 491 825 spem
506 754 675 822 metumque
697 743 854 822 suspensos
875 744 965 802 animi
991 741 1121 809 habetis,
1146 747 1179 801 et

210 841 338 892 vestram
353 833 451 909 itaque
467 829 503 889 de
519 830 562 888 eis
581 846 682 888 curam
698 845 786 906 quam
805 828 933 905 primum
956 824 1065 886 absolvi
1086 832 1117 902 et
1138 823 1176 884 il·

211 913 307 976 lorum
323 916 451 982 animos,
475 913 544 973 dum
565 913 768 991 expectatione
782 918 913 989 stupent,
936 928 988 970 seu
1009 926 1177 986 poena-seu

169 1005 203 1056 18
214 998 358 1058 beneficio
375 997 585 1076 praeoccupari
601 1002 727 1074 oportet.
760 1003 894 1055 nostrum
911 993 965 1053 init
982 993 1117 1062 efficere,
1141 999 1178 1054 nt

212 1083 343 1142 omnium
361 1099 462 1142 rerum
477 1080 565 1139 vobis·
580 1079 616 1140 ad
632 1077 845 1140 consulendum
866 1085 994 1157 potestas
1009 1085 1099 1146 esset,
1123 1093 1176 1138 vo·

151 1207 153 1214 ·
212 1173 306 1238 strum
322 1173 367 1225 est
377 1165 558 1234 decernere,
574 1157 652 1243 quod
664 1164 806 1242 optimum
821 1163 903 1222 robis
921 1163 1022 1242 reique
1037 1159 1176 1240 publicae

180 1257 195 1308 1
211 1251 279 1310 sit.“
303 1249 375 1310 xlv.
391 1249 543 1328 Principes
554 1256 673 1309 senatus
685 1246 857 1309 relationem
870 1245 998 1306 consulis
1010 1245 1046 1308 de
1057 1263 1176 1308 summa

194 1339 196 1344 ’
212 1351 313 1394 rerum
329 1332 465 1403 laudare,
481 1334 549 1411 sed,
568 1351 635 1393 curn
650 1331 773 1392 aliorum
788 1348 873 1391 causa
890 1329 944 1390 alia
961 1338 1052 1397 esset,
1069 1329 1109 1388 ita
1122 1347 1174 1390 ex·

211 1417 308 1496 pediri
321 1436 409 1497 posse
425 1417 579 1478 consilium
593 1416 707 1486 dicere,
722 1425 754 1475 ut
768 1433 823 1495 pro
838 1409 943 1474 merito
958 1414 1100 1491 cuiusque
1114 1419 1176 1474 sta·

177 1509 198 1558 a
212 1509 364 1572 tueretur,
381 1503 405 1560 si
420 1502 457 1560 de
473 1501 594 1578 singulis
610 1501 780 1559 nominatim
796 1498 954 1576 referrent,
965 1496 1090 1576 populis.
1126 1514 1175 1556 re·

213 1584 305 1644 latum
327 1587 416 1661 igitur
437 1584 474 1643 de
496 1584 619 1661 singulis
639 1583 858 1662 decretumque.
894 1581 1176 1652 Lanuviniscivitas
1241 1585 1242 1642 l

213 1666 280 1728 data
294 1685 435 1745 sacraque
453 1686 505 1727 sua
521 1667 634 1727 reddita
652 1684 718 1727 cum
730 1661 784 1734 eo,
801 1675 834 1726 nt
848 1666 935 1726 aedes
951 1664 1175 1744 lucusqueSos·
1241 1644 1242 1722 l

213 1752 291 1830 pitae
313 1751 432 1812 lunonis
453 1753 617 1811 communis
631 1750 788 1811 Lanuvinis
808 1748 1006 1829 municipibus
1030 1767 1097 1810 cum
1120 1767 1175 1828 po·

184 1834 285 1915 apoto
296 1834 429 1895 llomano
450 1843 536 1895 esset.
570 1835 681 1895 Aricini
696 1834 930 1913 Nomentanique
947 1843 978 1893 et
994 1833 1105 1893 Pedani
1124 1851 1174 1894 eo·

183 1919 280 1979 «tdem
303 1920 382 1989 iure,
407 1938 465 1999 quo
481 1919 638 1986 Lanuvini,
659 1919 689 1976 in
712 1920 857 1978 civitatem
877 1919 1000 1996 accepti.
1032 1915 1175 1977 Tuscula·

192 2017 195 2022 ’
212 2003 259 2064 nis
273 2007 386 2063 servata
402 2005 516 2069 civitas,
536 2021 622 2083 quam
638 2001 800 2069 habebant,
817 2003 988 2079 crimenque
1003 2000 1177 2060 rebellionis

183 2093 228 2146 53
250 2086 366 2164 publica
381 2085 484 2146 fraude
507 2086 537 2150 in
557 2103 666 2163 paucos
689 2094 823 2145 auctores
843 2103 970 2167 versum.
1002 2086 1031 2144 in
1051 2084 1174 2144 Veliter·
1241 2089 1242 2152 l

212 2187 281 2239 nos,
312 2177 426 2230 veteres
454 2171 532 2230 cives
551 2170 820 2249 Romanos„qnod
842 2171 949 2229 totiens
970 2166 1172 2236 rebellassent,
1241 2159 1242 2250 l

213 2255 340 2332 graviter
355 2257 512 2314 saevitum:
528 2262 558 2313 et
574 2255 651 2314 muri
665 2254 785 2322 deiecti,
803 2260 832 2314 et
846 2261 964 2313 senatus
979 2253 1048 2312 inde
1063 2252 1173 2312 abduc·
1241 2255 1242 2337 3

183 2343 273 2406 titus,
288 2339 420 2416 iussique
435 2347 517 2399 trans
532 2337 662 2400 Tiberim
676 2337 825 2406 babitare,
850 2345 884 2397 ut
906 2338 982 2405 eius,
1004 2339 1054 2413 qui
1067 2338 1109 2396 cis
1124 2335 1173 2395 Ti·

212 2421 308 2482 berIm
321 2423 522 2500 deprehensus
534 2430 625 2490 esset,
645 2421 785 2500 usquead
798 2419 877 2480 mille
892 2439 1009 2500 passum
1021 2419 1173 2498 clarigatio
1241 2431 1242 2522 3

213 2512 360 2566 essetnec
375 2507 456 2584 prius
468 2524 554 2585 qnam
567 2523 635 2565 3333
650 2504 799 2584 persoluto
816 2505 855 2574 is,
872 2506 923 2584 qui
935 2505 1074 2582 cepisset,
1091 2511 1174 2566 ertia
1241 2523 1242 2590 3

104 2665 106 2669 .
184 2587 327 2649 'trincula
340 2599 455 2667 captum
469 2588 600 2649 haberet.
633 2590 663 2648 in
676 2607 778 2666 agrum
791 2598 960 2648 senatorum
973 2587 1068 2647 coloni
1081 2588 1172 2654 missi,
1241 2595 1242 2689 3

213 2671 319 2750 quibus
333 2672 488 2751 adscriptis
499 2674 628 2752 speciem
641 2675 776 2750 antiquae
792 2672 975 2751 frequentiae
986 2670 1113 2731 Velitrae
1125 2689 1173 2732 re·
1241 2697 1242 2742 t

153 2765 155 2770 ·
184 2760 367 2832 coeperunt.
383 2764 428 2814 -et
442 2758 560 2816 Antium
582 2774 653 2823 nova
671 2755 783 2816 colonia
805 2758 894 2816 missa
909 2773 975 2815 cum
993 2774 1043 2824 eo,
1065 2763 1098 2815 ut
1113 2757 1173 2816 bn·
1241 2757 1242 2774 ¹

213 2836 333 2896 tlatibus
349 2839 584 2915 permitteretur,
606 2840 631 2897 si
654 2846 685 2899 et
704 2840 759 2918 ipsi
780 2840 908 2899 adscribi
931 2838 1028 2899 coloni
1047 2838 1171 2905 vellent:

212 2939 302 2988 naves
313 2921 381 2981 inde
393 2920 497 2998 longae
509 2921 643 2990 abactae,
656 2924 902 3002 interdictumque
914 2925 988 2998 mari
999 2924 1107 2984 Antiati
1120 2940 1172 3002 po·

183 3011 202 3062 n
214 3003 283 3086 pulo
295 3013 353 3074 est,
366 3015 395 3065 et
406 3006 506 3065 civitas
516 3001 594 3066 data.
615 3005 752 3066 Tiburtes
763 3007 1003 3087 Praenestinique
1015 3025 1086 3084 agro
1098 3004 1173 3066 mul·
1241 3003 1242 3076 l

212 3091 280 3162 tati,
301 3108 398 3170 neque
414 3090 451 3149 ob
472 3107 577 3151 recens
597 3098 711 3151 tantum
732 3091 901 3151 rebellionis
923 3095 1080 3151 commune
1104 3108 1172 3150 cum
1241 3145 1242 3154 ,

213 3173 278 3234 aliis
293 3174 403 3234 Latinis
419 3176 547 3243 crimen,
565 3175 617 3236 sed
634 3175 711 3253 quod
726 3175 821 3235 taedio
838 3176 954 3254 imperii
967 3175 1091 3234 llomani
1105 3192 1171 3234 cum
1241 3211 1242 3214 =

154 3287 156 3291 v
173 3265 205 3316 10
216 3254 319 3323 Gallis.
343 3257 430 3335 gente
446 3261 579 3340 ellerata,
601 3277 682 3320 arma
702 3260 848 3339 quondam
866 3261 1093 3334 consociassent.
1124 3275 1170 3317 33-
1241 3291 1242 3296 1

213 3342 285 3400 teris
297 3341 407 3402 Latinis
418 3343 533 3422 populis
542 3344 667 3404 conubia
680 3345 915 3422 commerciaque
923 3352 952 3402 et
960 3342 1084 3415 concilia
1095 3344 1172 3420 inter

215 3438 247 3482 sa
258 3421 440 3500 ademerunt.
463 3427 626 3505 Campanis,
639 3428 770 3505 equitum
782 3427 904 3488 honoris
915 3445 1010 3496 causa,
1026 3428 1094 3505 quia
1104 3430 1172 3488 cunt
1241 3433 1242 3456 ¹
