2538 3946
31 1 39 65 ’ζ

29 41 47 192 q.

28 192 39 317 ἑ

184 181 245 244 160
346 193 440 236 arnan
453 195 484 235 x.
502 193 571 236 car.
588 181 629 236 lt.
644 181 685 236 13.
702 173 788 255 [ιιι.
805 197 830 236 c.
846 179 907 239 456.
923 171 985 256 457]

183 362 249 403 oum
273 342 389 404 modico
410 340 557 423 praesidio
587 341 768 420 reliquisset,
798 342 934 422 expedito
959 343 1076 420 agmine
1105 343 1145 406 ad

151 425 402 506 8dep0pulandos
422 427 551 488 hostium
571 425 645 484 iines
658 425 777 488 incedit.
807 428 906 488 omnia
923 426 1004 486 ferro
1019 427 1145 506 ignique

25 495 27 540 t
137 565 138 572 ,
182 516 345 580 vastantur;
358 510 485 591 praedae
498 509 628 587 undique
639 516 730 570 actae.
754 527 810 570 nec
821 510 915 571 solum
927 510 1016 570 modo
1028 517 1145 571 vastum

182 593 259 656 hosti
279 593 432 664 refiotum,
457 592 511 654 sed
532 590 657 652 castellis
675 594 761 652 etiam
781 595 911 673 vicisque
925 593 1033 654 inlatus
1047 594 1143 671 ignis:

182 677 305 740 urbibus
320 677 523 758 oppugnandis
537 683 749 754 temperatum,
761 679 794 736 in
808 696 882 756 quas
898 679 987 737 timor
1001 677 1144 738 Etruscos

151 761 365 842 eoonpulerat.
411 763 463 824 Co.
481 759 574 820 Fulvii
597 758 725 820 consulis
745 759 825 821 clara
844 779 944 840 pugna
966 762 996 820 in
1022 761 1144 822 Samnio

182 847 219 906 ad
236 847 396 906 bovianum
419 843 645 922 haudquaquam
667 842 821 921 ambiguae
835 846 975 906 victoriae
992 844 1056 904 init.
1083 845 1144 905 Bo·

182 931 300 990 riarium
322 929 392 989 inde
414 927 571 1005 adgressus
592 943 646 986 nec
667 927 708 986 ita
729 926 822 988 multo
842 934 909 1007 post
925 926 1096 989 Aufidenam
1115 930 1145 990 vi

182 1014 268 1090 cepit.

155 1103 168 1152 ι
245 1094 320 1156 Xlll.
348 1092 459 1154 Eodem
477 1111 555 1155 anno
569 1091 722 1155 Carseolos
740 1093 854 1155 colonia
869 1097 900 1155 in
915 1112 1017 1173 agrum
1034 1096 1143 1174 Aequi·

183 1177 317 1239 culorum
329 1177 462 1238 deducta.
489 1178 606 1238 Fulvius
621 1177 723 1238 consul
738 1177 775 1238 de
787 1178 966 1240 Samnitibus
976 1180 1143 1257 triumpha·

153 1263 232 1322 2vit.
260 1279 326 1322 cum
341 1263 459 1322 comitia
472 1261 637 1322 consularia
650 1263 803 1333 instarent,
822 1263 899 1322 lama
922 1271 1024 1324 exorta
1038 1263 1143 1324 Etrus·

152 1352 233 1407 aeos
257 1345 462 1424 Samnitesque
483 1346 619 1423 ingentes
642 1344 832 1406 conscribere
859 1348 1020 1406 exercitus:
1044 1345 1143 1426 palam

182 1429 319 1490 omnibus
335 1428 467 1490 conciliis
481 1431 580 1492 venari
595 1429 746 1506 principes
761 1429 969 1499 Etruscorum,
986 1428 1066 1508 quod
1081 1448 1144 1491 non

183 1513 281 1588 Gallos
298 1531 481 1593 quacumque
496 1512 671 1572 condicione
686 1513 830 1572 traxerint
843 1511 879 1572 ad
895 1511 1019 1582 bellum;
1043 1514 1143 1574 iucre-

183 1599 247 1675 pari
271 1598 459 1674 magistratus
489 1596 677 1664 Samnitium,
706 1595 785 1672 quod
814 1597 975 1658 exercitum
1002 1596 1144 1658 adversus

154 1681 333 1740 4Lucanum
347 1680 463 1740 hostem
481 1687 672 1756 conparatum
688 1675 852 1739 obiecerint
868 1680 1023 1749 Romanis;
1042 1680 1143 1760 itaque

183 1763 243 1822 suis
258 1763 464 1840 sociorumque
477 1761 587 1822 viribus
609 1777 788 1838 consurgere
803 1761 901 1823 hostes
918 1762 954 1823 ad
969 1762 1097 1835 bellum,
1114 1774 1144 1824 et

154 1844 408 1925 §haudquaquam
424 1847 490 1924 pari
508 1844 726 1922 defungendum
741 1863 805 1906 esse
817 1848 986 1907 certamine.
1017 1846 1066 1906 bie
1081 1855 1142 1908 ter·

183 1948 250 2000 ror,
273 1947 340 1990 cum
363 1929 503 1990 inlustres
522 1929 577 1988 riri
598 1927 780 1989 considatum
803 1937 953 2009 peterent,
984 1947 1089 1990 omnes
1111 1933 1143 1992 in

160 2043 163 2048 ·
185 2013 219 2084 Q.
243 2011 367 2074 Fabium
387 2012 547 2073 Maximum
566 2013 664 2091 primo
686 2030 747 2073 uon
767 2021 931 2092 petentem,
959 2013 1082 2085 deinde,
1110 2026 1144 2076 ut

152 2096 321 2157 dincliuata
335 2097 431 2157 studia
445 2097 528 2167 vidit,
553 2102 738 2157 recusantem
762 2097 922 2157 convertit:
944 2096 1014 2176 quid
1033 2115 1066 2158 se
1082 2098 1143 2158 iam

182 2197 284 2240 senem
300 2197 335 2240 ac
348 2180 538 2258 perfunctum
552 2178 703 2240 laboribus
722 2178 916 2260 laborumque
929 2182 1069 2259 praemiis
1083 2179 1142 2242 sol·

182 2264 348 2324 licitarent‘l
386 2281 443 2324 nec
469 2264 603 2341 corporis
628 2281 684 2323 nec
710 2265 801 2323 animi
829 2265 960 2342 vigorem
984 2281 1143 2326 remanere

183 2348 324 2418 eundem,
342 2354 371 2407 et
384 2348 533 2408 fortunam
550 2348 644 2425 ipsam
659 2348 769 2417 vereri,
786 2365 824 2407 ne
838 2348 887 2408 cui
903 2346 1026 2407 deorum
1049 2350 1142 2409 nimia
1254 2397 1255 2424 ,

183 2433 239 2492 iam
255 2432 332 2491 inse
347 2438 377 2491 et
392 2432 587 2499 constantior,
603 2448 691 2508 quam
705 2428 795 2490 velint
807 2429 953 2491 humanae
964 2449 1027 2502 res,
1044 2432 1142 2492 ridea-

152 2523 240 2574 ntur.
271 2521 347 2574 etse
363 2513 475 2590 gloriae
492 2515 642 2573 seniorum
659 2512 857 2581 subcrevisse,
881 2513 961 2574 etad
978 2533 1062 2576 suam
1079 2514 1142 2594 glo-

182 2600 256 2658 riam
281 2607 494 2674 consurgentes
519 2597 591 2657 alios
618 2595 728 2656 laetum
753 2599 895 2675 aspicere.
933 2615 989 2657 nec
1011 2597 1143 2660 honores

182 2699 306 2758 magnos
330 2681 498 2742 fortissimis
526 2681 596 2740 viris
624 2679 735 2739 Romae
765 2697 821 2740 nec
847 2679 1009 2742 honoribus
1038 2682 1142 2744 deesse

155 2765 277 2824 siortcs
292 2766 379 2823 viros.
415 2763 539 2824 acuebat
554 2763 609 2823 bac
630 2762 831 2824 moderatione
849 2771 911 2824 tam
932 2765 1008 2825 iusta
1028 2766 1141 2836 studim

182 2863 257 2926 quae
274 2845 450 2906 verecundia
463 2846 562 2923 legum
578 2846 787 2922 restinguenda
801 2854 897 2917 ratus,
909 2846 1006 2925 legem
1021 2851 1141 2910 recitari

182 2930 279 2999 iussit,
296 2945 353 3008 qua
368 2930 446 2988 intra
458 2929 559 2988 decem
575 2946 668 2988 annos
682 2929 808 2989 eundem
819 2930 969 2991 consulem
984 2933 1066 2993 refici
1080 2951 1140 2994 non
1227 2968 1230 2977 ·

151 3015 294 3075 eliceret.
321 3014 368 3074 vix
382 3029 455 3091 prae
469 3014 593 3090 strepitu
608 3011 705 3072 audita
720 3011 767 3073 lex
783 3020 841 3083 est,
858 3013 1028 3093 tribunique
1044 3015 1141 3094 plebis
1235 3025 1236 3030 ’

169 3095 255 3158 ‘nihil
267 3098 298 3158 id
313 3097 507 3176 inpedimenti
521 3097 651 3158 futurum
661 3095 796 3157 aiebant:
812 3115 843 3158 se
859 3097 897 3158 ad
909 3095 1049 3177 populum
1065 3099 1139 3160 latu-

141 3191 248 3251 toros,
265 3184 308 3242 uti
324 3180 439 3259 legibus
453 3179 625 3242 solveretur.
661 3189 692 3241 et
712 3180 762 3240 ilie
783 3183 902 3259 quidem
922 3183 954 3240 in
974 3185 1140 3244 recusando

182 3265 345 3344 perstabat,
364 3265 434 3342 quid
451 3282 522 3343 ergo
537 3267 676 3326 attineret
688 3264 769 3342 leges
784 3265 857 3324 ferri
870 3267 1016 3343 rogitare,
1032 3265 1141 3343 quibus

183 3365 237 3424 per
262 3349 396 3419 eosdem,
419 3349 470 3427 qui
491 3346 640 3418 tulissent,
664 3349 745 3408 iraus
764 3349 867 3408 fieret?
891 3350 950 3408 iam
967 3349 1032 3424 regi
1046 3348 1138 3427 leges,

141 3436 170 3484 11
185 3446 244 3488 non
258 3447 372 3506 regere.
404 3430 530 3508 populus
548 3431 639 3491 nihilo
654 3433 751 3490 minus
770 3432 907 3508 suffragia
922 3430 1029 3501 inibat,
1045 3439 1091 3501 et,
1108 3443 1142 3494 ut
