2538 3946
333 157 427 202 araas
440 157 505 200 xxx.
528 157 596 202 oar.
615 143 714 201 1213.
733 137 772 222 [a.
790 141 824 204 0.
839 139 901 224 218]
1033 148 1097 211 215

72 301 230 367 halem
246 313 338 368 noctu
347 305 508 376 uansbset,
526 313 681 386 postquam
695 303 768 366 nibil
779 306 918 369 lacrimae
928 307 1094 381 movebant,

80 387 386 469 condicionesque
399 390 496 449 tristes
508 395 539 450 ut
551 387 586 450 ab
598 390 672 449 irato
684 391 794 450 victore
808 390 986 463 terebantur,
1000 400 1095 454 trans·

83 470 192 548 fuga
226 491 265 534 ex
288 480 406 534 oratore
427 471 523 532 factrus
543 472 621 550 apud
642 472 756 533 bostem
776 475 895 544 mansit,
918 477 1094 537 moriturum

88 553 313 627 adfirmans,
329 553 381 636 qui
394 553 448 616 sub
466 554 687 618 condicionibus
706 557 742 616 iis
756 556 794 617 de
815 575 889 637 pace
904 567 1013 636 ageret.
1040 567 1120 642 pot

92 638 302 701 stulabatur
323 647 433 710 autem,
459 638 618 700 redderent
639 655 687 700 res
707 639 897 712 Turdetanis,
928 641 1094 721 traditoque

96 725 222 783 omni
237 741 310 784 auro
326 731 412 802 atque
428 729 549 801 argento
564 724 675 800 egressi
699 722 774 784 urbe
789 741 857 786 cum
871 723 993 804 singulis
1006 728 1093 786 vesti·

102 807 247 868 mentis
257 807 299 868 ibi
312 805 486 876 habitarent,
502 804 554 868 ubi
564 804 679 866 Poenus
689 807 829 868 iussisset.
855 808 909 869 bas
918 810 1000 888 pacis
1013 808 1122 887 legeso

105 888 288 952 abnuente
312 888 422 950 Alcone
442 896 615 968 accepturos
636 890 827 968 Saguntinos,
854 890 991 962 Alorcus,
1016 893 1094 954 vinci

110 974 269 1043 animos,
285 972 336 1034 ubi
348 973 404 1034 alia
414 974 581 1043 vincantur,
599 972 771 1044 adfirmans,
788 991 820 1046 se
834 975 915 1058 pacis
927 976 989 1038 eius
1000 977 1092 1037 inter·

110 1063 254 1134 protem
267 1056 331 1116 iore
348 1055 513 1136 pollicetur.
546 1063 609 1117 erat
623 1062 720 1118 autem
735 1065 798 1118 tum
814 1055 900 1118 miles
910 1058 1091 1130 Hannibalis,

113 1147 270 1201 ceterum
288 1139 405 1218 publice
423 1139 592 1217 Saguntinis
606 1140 718 1202 audeus
732 1147 818 1219 atque
832 1140 948 1221 hospes.
982 1142 1118 1203 tradito?

116 1221 236 1302 palam
257 1223 317 1283 telo
340 1223 509 1284 custodibus
536 1223 664 1284 bostium
684 1231 886 1301 transgressus
907 1226 1093 1287 munimenta

121 1306 170 1368 ad
195 1313 365 1386 praetorem
383 1306 576 1384 Saguntinum
593 1341 636 1354 ·-
651 1313 680 1366 et
699 1308 763 1385 ipse
784 1309 825 1368 ita
846 1306 967 1368 iubebat
985 1342 1028 1354 -
1048 1318 1093 1370 est

126 1387 291 1451 deductus.
335 1407 393 1468 quo
414 1407 481 1449 uam
503 1388 648 1469 extemplo
674 1407 834 1451 concursus
856 1392 952 1452 omnis
973 1393 1120 1470 generis8

130 1474 292 1534 nominum
304 1481 381 1534 esset
394 1472 497 1542 iactus,
513 1471 647 1536 submota
664 1480 762 1533 cetera
778 1472 963 1535 multitudine
974 1483 1093 1538 senatus

130 1553 243 1618 Alorco
256 1556 340 1618 datus
356 1564 413 1626 est,
429 1557 512 1616 cuius
527 1554 593 1618 talis
607 1557 700 1618 oratio
715 1557 779 1618 tuit.

200 1639 275 1700 Xlll.
302 1640 364 1711 „Si
378 1641 448 1700 civis
462 1646 558 1701 vester
571 1639 656 1711 Alco,
673 1641 749 1702 sicut
764 1640 800 1701 ad
814 1657 918 1719 pacem
931 1640 1116 1720 petendami

135 1721 174 1783 ad
188 1721 383 1784 Hannibalem
400 1723 493 1793 venit,
512 1724 552 1787 ita
567 1725 649 1804 pacis
671 1723 860 1786 condiciones
877 1721 913 1784 ab
928 1722 1091 1786 Hannibale

136 1806 237 1866 advos
249 1805 405 1876 retulisset,
421 1823 669 1883 supervacaneum
684 1807 742 1866 boc
751 1807 825 1868 mibi
839 1807 941 1867 suisset
954 1809 1020 1878 iter,
1033 1825 1092 1886 quo

138 1905 194 1949 neo
208 1895 307 1952 orator
317 1888 488 1951 Hannibalis
498 1907 555 1949 nec
568 1889 720 1968 transfuga
731 1889 768 1950 ad
781 1906 832 1949 vos
846 1891 1005 1950 venissem:
1023 1897 1118 1952 cuma

139 1969 188 2032 llle
205 1979 255 2034 aut
268 1981 364 2034 vestra
379 1981 428 2034 aut
439 1989 491 2033 sua
505 1971 590 2052 culpa
599 1974 741 2033 manserit
752 1971 828 2052 apud
844 1971 959 2033 hostem
972 2006 1015 2016 —
1028 1991 1091 2044 sua,

140 2056 165 2116 si
175 2063 283 2118 metum
294 2055 454 2124 abnulmit,
471 2063 582 2124 vestra,
598 2056 623 2115 si
638 2053 803 2133 periculum
813 2061 857 2115 est
868 2055 945 2133 apud
958 2073 1009 2116 vos
1022 2073 1091 2117 vera

141 2138 335 2200 referentibus
349 2172 393 2187 -
407 2155 476 2216 ego,
494 2155 533 2198 ue
547 2139 724 2215 ignoraretis
740 2155 804 2198 esse
819 2138 931 2219 aliquas
948 2145 977 2199 et
990 2136 1091 2200 saluus
1143 2217 1146 2220 ,
1215 2216 1217 2222 7
1236 2182 1253 2192 <1

101 2241 117 2260 ἡ
143 2229 172 2280 et
185 2223 263 2298 pacis
277 2221 358 2283 vobis
369 2221 564 2292 condiciones,
577 2237 632 2298 pro
647 2229 760 2284 vestuto
772 2220 908 2301 hospitio,
925 2221 1003 2300 quod
1018 2223 1092 2282 mihi
1119 2227 1143 2273 pt
1162 2217 1199 2255 '²¹
1220 2263 1223 2270 »

144 2302 288 2365 vobiscum
304 2313 363 2375 est,
386 2304 422 2366 ad
444 2322 495 2365 vos
517 2305 593 2366 veni.
629 2312 725 2366 vestra
748 2312 846 2372 autem
868 2321 955 2365 causa
970 2322 1019 2366 me
1034 2311 1119 2365 necti

146 2385 225 2449 ullius
247 2387 367 2450 alterius
386 2387 482 2468 loqui,
503 2406 578 2468 quae
597 2385 703 2467 loquor
724 2387 801 2469 apud
821 2406 886 2458 vos,
908 2386 953 2448 vel
970 2406 1004 2449 ea
1018 2387 1092 2448 fides

146 2471 194 2540 sit,
213 2471 290 2550 quod
312 2490 423 2553 neque,
450 2471 520 2533 dum
542 2473 647 2534 vestris
667 2470 777 2532 viribus
800 2471 962 2542 restitistis,
985 2489 1091 2550 neque,

147 2554 210 2614 dum
223 2553 329 2617 auxilia
345 2556 515 2618 allemanie
531 2557 686 2636 sperastis,
701 2557 782 2635 pacis
794 2573 935 2634 umquam
946 2554 1024 2636 apud
1041 2571 1093 2616 vos

148 2640 316 2701 mentionem
330 2640 397 2701 ieci.
427 2647 582 2721 postquam
597 2658 654 2700 nec
667 2639 704 2700 ab
722 2639 862 2700 Romanis
876 2637 956 2699 vobis
971 2637 1030 2698 ulla
1048 2645 1120 2700 ests

148 2739 220 2800 spes,
235 2740 290 2785 nec
301 2730 398 2786 vestra
411 2742 463 2784 vos
476 2725 535 2785 iam
548 2730 597 2784 aut
612 2741 693 2784 arma
707 2730 757 2784 aut
771 2723 887 2785 moenia
902 2723 972 2783 satis
987 2720 1090 2783 deien-

149 2805 225 2877 dunt,
254 2825 358 2886 pacem
383 2808 484 2869 adiero
511 2807 548 2868 ad
573 2824 624 2868 vos
649 2808 743 2886 magis
775 2807 972 2868 necessariam
1003 2823 1092 2884 quam

151 2906 268 2967 aequam.
295 2895 377 2952 cuius
397 2895 436 2953 ita
448 2889 544 2972 aliqua
565 2909 633 2971 spes
648 2898 705 2961 cst,
727 2893 752 2951 si
767 2908 847 2961 eam,
866 2907 950 2969 quern
976 2889 1014 2956 ad
1029 2895 1121 2950 moa

152 2969 211 3030 dum
221 2981 252 3032 ut
268 2976 361 3035 victor
381 2977 440 3036 lert
459 2973 618 3046 Hannibal,
640 2976 682 3036 sic
702 2994 754 3037 vos
777 2984 810 3035 ut
828 2975 896 3033 victi
916 2972 1040 3034 audietis
1062 2979 1093 3037 et

154 3070 203 3112 non
212 3054 253 3124 id,
266 3058 343 3135 quod
356 3060 511 3127 amittitur,
526 3061 557 3118 in
570 3058 691 3129 damno,
704 3076 770 3119 cum
783 3058 881 3118 omnia
892 3055 1011 3115 victoris
1024 3055 1091 3124 sint,

154 3135 196 3196 sed
206 3137 339 3217 quidquid
356 3139 531 3219 relinquitur
541 3157 597 3218 pro
609 3158 731 3201 munere
745 3139 874 3200 habituri
885 3137 964 3196 estis.
985 3135 1121 3196 urbemd

155 3219 233 3290 robis,
247 3240 334 3301 quam
352 3242 388 3284 ex
403 3241 508 3300 magna
522 3229 606 3301 parte
629 3223 769 3292 dirutam,
787 3227 901 3300 captam
922 3219 984 3280 iere
1002 3224 1093 3280 totam

156 3301 239 3375 babet,
255 3305 364 3377 adimit,
381 3323 467 3386 agros
477 3305 630 3385 relinquit,
646 3304 744 3366 locum
757 3304 975 3380 adsignaturus,
992 3303 1092 3382 inquo

157 3403 243 3452 novun
269 3389 409 3470 oppidum
435 3389 602 3451 aedificetis.
640 3406 743 3450 aurum
764 3396 794 3448 et
819 3393 973 3464 argentum
993 3403 1092 3457 omne,
