2542 3956
199 231 267 296 306
375 251 472 294 nmen
484 253 563 295 nn.
586 250 657 296 ose.
672 239 715 293 to.
731 237 775 296 st.
793 231 836 311 [a.
850 253 881 292 n.
897 251 926 293 c.
939 231 1006 314 538]

202 407 319 470 essent,
343 405 374 460 et
388 400 515 461 allorum
530 418 618 480 mam
633 419 686 462 sua
701 418 826 479 corpora
847 405 930 460 tanto
949 399 1086 479 periculo
1100 399 1184 460 mal·

173 484 267 546 olent
280 482 412 545 obicere.
440 483 508 552 aliis
522 502 581 544 non
597 491 656 545 mm
672 485 820 546 sententia
831 483 990 562 displicere
1005 501 1096 564 wem
1111 485 1182 544 ani·

207 586 275 630 mus
295 567 410 628 deesse.
440 566 474 628 P.
491 567 685 648 Sempronius
698 566 866 628 Tuditanus
885 565 1026 628 tribunus
1045 567 1182 628 militum

211 653 300 731 „oapi
311 668 382 729 ergo
392 649 551 712 mavultis‘
561 653 660 730 inquit
671 649 729 720 „ab
741 652 914 711 avarissimo
926 656 956 712 et
967 650 1181 712 crudelissimo

208 735 306 804 hoste,
317 736 528 813 aestimarique
539 735 635 814 capita
645 741 742 795 vestra
753 742 784 794 et
797 736 914 814 exquiri
924 736 1022 814 pretia
1032 732 1071 794 ab
1081 735 1180 794 inter-

209 818 394 896 rogantibus,
409 817 559 878 Romanus
573 820 648 879 ciris
660 819 702 878 sis
716 834 754 879 an
766 816 891 878 Latinus
905 820 1015 888 socius,
1030 825 1065 878 nt
1079 835 1120 878 ex
1129 824 1180 878 tna

179 901 389 962 'tcontumelia
407 908 438 961 et
450 903 573 962 miseria
592 900 679 962 alteri
698 901 793 962 bonos
806 901 986 980 quaeratur?
1005 919 1066 963 non
1080 909 1133 971 tu,
1154 903 1180 961 si

208 985 330 1065 quidem
345 986 379 1045 L.
395 983 513 1044 Aemilii
534 985 679 1054 consulis,
701 986 801 1064 quise
817 984 894 1046 bene
915 987 992 1045 mori
1008 1003 1098 1064 quam
1114 991 1178 1044 tur-

203 1071 284 1148 piter
296 1070 397 1128 rivere
409 1066 522 1137 maluit,
534 1074 565 1128 et
575 1075 620 1128 tot
629 1069 861 1130 fortissimorum
872 1069 1013 1138 virorum,
1031 1069 1086 1148 qui
1097 1069 1179 1128 circa

177 1156 276 1212 teum
291 1150 432 1211 cumulati
447 1152 562 1220 iacent,
584 1153 665 1213 cives
680 1152 761 1213 estis.
790 1151 844 1213 sed
859 1159 1019 1231 antequam
1033 1152 1180 1230 opprimit

205 1235 256 1296 lun
270 1235 441 1314 maioraque
461 1233 592 1296 bostium
615 1237 732 1312 agmina
746 1236 924 1315 obsaepiunt
938 1238 1013 1306 iter,
1034 1252 1092 1315 per
1112 1234 1178 1303 bos,

205 1320 257 1399 qui
273 1318 436 1379 inordinati
452 1325 540 1397 atque
553 1320 735 1397 inconpositi
751 1318 928 1399 obstrepunt
942 1320 1053 1399 portis,
1077 1335 1177 1378 erum-

179 1407 322 1482 9pamus.
351 1404 434 1463 terro
449 1409 537 1480 atque
553 1402 676 1464 audacia
696 1404 746 1462 uia
760 1404 794 1464 nt
807 1405 942 1482 quamvis
955 1421 1011 1482 per
1026 1402 1179 1462 confertos

208 1486 314 1548 bostis.
344 1503 439 1546 cuneo
460 1485 580 1564 quidem
601 1486 658 1546 hoc
677 1485 776 1547 laxum
798 1493 886 1566 atque
910 1486 1040 1547 solutum
1060 1503 1177 1563 agmen.

209 1577 243 1630 ut
264 1572 290 1630 si
312 1569 389 1630 nihil
411 1569 524 1639 obstet,
553 1569 686 1630 disicias.
725 1573 825 1650 itaque
847 1571 890 1630 ite
911 1587 1044 1639 mecum,
1074 1571 1128 1648 qui
1150 1577 1179 1629 et

164 1659 203 1710 10
212 1659 326 1713 vosmet
345 1654 428 1730 ipsos
448 1659 480 1712 et
497 1670 562 1713 rem
581 1653 732 1733 publicam
753 1653 860 1714 salvam
880 1653 1001 1714 vultis.“
1035 1652 1112 1714 haec
1126 1652 1178 1714 ubi

213 1736 292 1796 dicta
307 1734 404 1805 dedit,
429 1737 550 1811 stringit
569 1736 700 1812 gladium
722 1753 875 1815 cuneoque
896 1738 975 1798 facto
992 1754 1049 1816 per
1063 1735 1178 1796 medios

168 1818 295 1878 11vadit
308 1817 410 1878 hostis.
447 1824 558 1878 etcum
574 1819 699 1881 inlatus
714 1821 860 1890 dextrum,
876 1819 955 1900 quod
968 1818 1101 1899 patebat,
1117 1819 1177 1881 Nu·

212 1901 311 1962 midae
325 1901 537 1972 iacularentur,
552 1904 706 1965 translatis
721 1906 752 1965 in
764 1905 900 1966 dextrum
915 1905 1006 1964 scutis
1020 1905 1053 1963 in
1064 1905 1177 1964 maiora

211 1992 308 2047 castra
329 1985 365 2046 ad
380 1984 428 2046 DC
449 1994 620 2056 eraserunt,
645 1995 733 2066 atque
755 1988 824 2048 inde
839 1988 977 2066 protinus
996 1987 1055 2048 alio
1070 2003 1178 2064 magno

168 2071 329 2146 ttagmine
348 2069 489 2130 adiuncto
510 2068 669 2131 Canusium
694 2070 859 2132 incolumes
878 2072 1067 2151 perveniunt.
1102 2069 1176 2130 haec

211 2151 290 2232 apud
305 2153 400 2212 victos
414 2155 509 2229 magis
519 2155 633 2232 impetu
645 2156 822 2224 animorum,
839 2172 914 2233 quos
923 2156 1078 2231 ingenium
1090 2171 1177 2215 suum

101 2279 102 2284 η
211 2237 320 2315 cuique
335 2242 386 2296 aut
399 2236 463 2304 lors
477 2235 581 2307 dabat,
602 2256 690 2316 quam
705 2256 742 2298 ex
762 2238 886 2300 consilio
906 2240 1041 2317 ipsorum
1055 2243 1109 2298 ant
1123 2238 1176 2297 im·

208 2321 295 2400 perio
309 2305 484 2398 cuiusquam
498 2319 710 2420 agebantqrf
1014 2347 1018 2355 ·

184 2409 199 2460 1
275 2401 324 2464 bl.
352 2401 512 2464 llannibali
526 2405 633 2466 victora
653 2423 721 2466 cum
741 2406 836 2465 ceteri
857 2404 1031 2466 circumfusi
1046 2403 1176 2481 gratula-

212 2492 319 2546 rentur
335 2486 567 2565 suaderentque,
588 2495 623 2548 ut
635 2495 718 2548 tanto
732 2490 907 2568 perfunctus
928 2487 1006 2548 bello
1021 2486 1083 2548 diei
1098 2487 1177 2566 quod
1251 2511 1252 2518 ¹

211 2569 339 2630 relicum
359 2576 438 2630 esset
458 2571 612 2650 noctisque
634 2574 819 2650 insequentis
833 2574 965 2650 quietem
986 2573 1096 2649 etipse
1119 2569 1177 2631 sibi

183 2660 345 2714 2sumeret
370 2659 402 2713 et
420 2654 508 2714 sessis
529 2653 615 2714 daret
632 2653 793 2725 militibus,
818 2654 984 2724 Maharbal,
1006 2656 1176 2734 praelectus

212 2739 361 2814 equitum,
382 2737 505 2796 minime
523 2739 699 2799 cessandum
721 2745 803 2799 ratus
826 2740 939 2808 „immo
959 2744 1006 2808 ut,
1028 2737 1102 2817 quid
1120 2737 1176 2798 hac
1250 2797 1251 2806 ,

210 2834 310 2896 pugna
326 2821 366 2877 stt
379 2826 487 2888 actum,
503 2822 589 2890 solas,
606 2822 654 2882 die
666 2825 791 2902 quinto‘⁴
805 2823 903 2901 inquit
917 2823 1033 2893 „victor
1047 2822 1080 2881 in
1092 2821 1176 2901 Capi·

210 2899 283 2961 tolio
305 2899 485 2978 epulaberis.
518 2920 659 2982 sequere:
681 2923 747 2965 cum
768 2907 883 2984 equite,
902 2912 937 2965 ut
955 2904 1040 2984 prius
1058 2906 1175 2966 venisse

180 2990 296 3064 squam
308 2991 467 3044 venturum
477 2985 582 3054 sciant,
595 2988 804 3066 praecedam.“
825 2987 985 3049 Hannibali
997 2990 1089 3049 nimis
1099 2988 1174 3050 laeta
1249 3047 1250 3050 ,

207 3086 257 3129 res
273 3075 319 3129 est
333 3068 396 3129 visa
411 3069 581 3147 maiorque,
604 3089 692 3150 quam
707 3079 741 3134 ut
755 3090 820 3132 eam
837 3074 936 3133 statim
952 3090 1060 3150 capere
1078 3073 1175 3132 animo

207 3159 318 3233 posset.
347 3153 447 3232 itaque
467 3152 648 3215 voluntatem
669 3174 701 3216 se
721 3156 842 3216 laudare
862 3155 1039 3217 Maharbalis
1064 3157 1116 3225 ait,
1140 3154 1174 3216 ad

178 3235 363 3300 tconsilium
376 3236 563 3314 pensandum
579 3241 724 3318 temporis
738 3257 813 3318 opus
828 3257 904 3300 esse.
926 3250 990 3300 tum
1005 3236 1172 3299 Maharbal:

206 3337 287 3389 „non
304 3321 403 3379 omnia
418 3320 560 3381 nimirum
574 3323 671 3383 eidem
683 3323 725 3384 dii
737 3322 863 3383 dedere:
878 3325 999 3382 vincere
1011 3323 1080 3391 scis,
1096 3320 1174 3383 llan-

207 3400 299 3472 nibal,
322 3403 448 3463 victoria
468 3406 513 3464 uti
528 3409 660 3466 nescis.“
695 3424 779 3467 mora
795 3407 860 3468 eius
875 3406 938 3467 diei
953 3408 1026 3466 satis
1040 3404 1171 3468 creditur

206 3480 299 3543 saluti
313 3485 407 3544 luisse
422 3484 491 3544 urbi
506 3493 594 3564 atque
609 3491 746 3569 imperio.
