2538 3946
302 154 307 166 Ι
346 199 439 240 umen
448 197 524 240 xxn.
543 195 611 239 car.
625 185 652 237 5.
663 184 689 237 θ.
702 174 742 258 [a.
756 177 790 242 O.
805 175 867 260 2171
1018 181 1081 244 265

55 383 60 393 ·
122 347 232 411 udatus
256 347 449 428 strepentium
474 345 700 423 pauentiumque
727 341 870 403 clamores
890 345 1079 406 circumiere·

123 430 196 494 bant
211 449 262 492 ora
277 429 446 509 oculosque.
479 426 528 488 alii
547 427 692 504 fugientes
711 427 903 504 pugnantium
924 428 1011 506 globo
1035 431 1109 488 ins

125 513 176 578 tou
190 513 368 584 haerebant,
392 511 464 574 aiios
486 510 643 571 redeuutes
665 509 697 568 in
717 526 846 588 pugnam
862 511 1011 572 avertebat
1035 513 1080 572 iu·

123 600 237 678 gientiu
285 613 399 674 agmen.
430 594 550 672 deinde,
571 593 623 654 ubi
635 595 665 653 in
683 593 779 654 omnis
797 593 890 672 partis
903 596 1111 675 nequiquamti

122 683 216 761 impet
263 665 462 758 'captif³'e‘t‘'a‘b
482 677 622 740 lateribus
639 683 755 737 montes
777 693 811 736 ac
830 675 926 748 lacus,
947 697 964 739 a
984 678 1080 739 fronte

123 773 154 825 et
170 764 210 824 ab
232 771 316 840 tergo
339 763 466 823 hostium
480 764 556 824 acies
572 759 742 829 claudebat,
763 761 954 840 apparuitque
972 760 1081 822 nullam

123 849 181 908 nisi
195 849 226 907 iu
242 846 362 908 dextera
377 847 514 926 ferroque
530 845 631 906 salutis
646 862 729 922 spem
744 861 822 912 esse,
843 849 906 905 tum
930 845 985 906 sibi
1001 847 1080 924 quis-
1092 853 1119 908 ⁷.

123 949 181 1010 que
197 931 256 991 dux
276 930 502 1008 adhortatorque
524 927 618 990 factus
637 928 673 988 ad
696 945 761 987 rem
776 927 936 1004 gerendam
960 936 989 988 et
1007 947 1080 989 nova

124 1014 162 1074 de
175 1015 292 1090 integro
308 1021 408 1074 exorta
430 1029 529 1092 pugna
545 1019 604 1082 est,
629 1029 689 1072 non
712 1009 762 1071 illa
777 1011 910 1071 ordinata
925 1029 979 1090 per
998 1014 1080 1091 prin-

122 1098 203 1175 cipes
215 1097 403 1176 hastatosque
415 1115 449 1156 ae
460 1097 593 1167 trierim,
609 1113 665 1156 nee
676 1101 709 1155 ut
720 1112 774 1173 pro
786 1094 877 1172 signis
888 1096 1079 1173 antesignani,

120 1187 188 1260 post
201 1183 284 1258 sigua
297 1180 352 1240 alia
367 1187 515 1259 pugnaret
527 1180 620 1248 acies,
635 1195 691 1239 nee
707 1179 783 1238 utin
798 1195 851 1238 sna
869 1177 984 1256 legione
995 1177 1080 1238 mites

122 1270 172 1325 aut
187 1265 308 1324 cohorte
327 1271 377 1324 aut
388 1260 538 1341 manipulo
554 1260 645 1324 esset:
662 1261 723 1322 fors
739 1259 909 1338 conglobat,
926 1269 956 1322 et
967 1263 1110 1322 animosa

121 1364 194 1408 suus
209 1349 314 1426 cuique
329 1353 398 1407 ante
413 1353 463 1406 aut
483 1353 551 1424 post
570 1345 720 1424 pugnandi
736 1345 870 1404 ordinem
893 1343 992 1415 dabat:
1017 1353 1080 1406 tan·

120 1437 227 1508 tusque
239 1429 293 1490 fuit
305 1428 394 1490 ardor
405 1431 584 1497 animorum,
601 1429 673 1489 adeo
685 1431 814 1488 intentus
828 1445 944 1506 pugnae
957 1429 1080 1498 anianus,

122 1519 155 1574 ut
166 1531 233 1574 eum
245 1520 356 1574 motum
369 1519 475 1583 terrae,
492 1511 708 1592 quimuttarum
719 1511 836 1572 urbium
848 1511 948 1572 italiae
959 1528 1083 1590 magnas

121 1605 221 1676 partes
246 1598 404 1674 prostravit
424 1598 586 1676 avertitque
609 1613 696 1657 cursu
719 1595 838 1673 rapidos
862 1597 971 1664 amnis,
998 1613 1082 1656 mare

120 1679 291 1740 fluminibus
313 1681 436 1748 invexit,
461 1687 575 1740 montes
593 1679 676 1760 lapsu
696 1681 809 1758 ingenti
832 1681 961 1758 proruit,
993 1695 1085 1739 nemo

119 1765 313 1842 pugnantium
332 1765 465 1825 senserit.

182 1847 228 1908 Vi.
254 1848 322 1908 Tris
342 1848 436 1908 ferme
456 1847 545 1909 horas
565 1855 726 1927 pugnatum
743 1855 807 1916 est,
827 1855 857 1907 et
876 1845 985 1925 ubique
1005 1850 1108 1907 atro-1

121 1931 208 1999 eiter;
225 1933 302 1991 cirea
318 1930 469 1991 consulem
484 1939 583 1991 umen
597 1932 693 1991 acrior
707 1929 899 2008 infestiorque
914 1947 1012 2006 pugna
1027 1937 1079 1988 est.

121 2031 189 2074 eum
204 2019 233 2074 et
255 2013 362 2076 robora
383 2017 514 2074 virorum
534 2013 732 2094 sequebantur
749 2020 778 2072 et
794 2012 872 2090 ipse,
898 2019 1108 2090 quacumque2

119 2097 151 2157 in
165 2105 249 2176 parte
264 2099 361 2176 premi
376 2115 410 2158 ac
430 2097 566 2156 laborare
584 2103 717 2156 senserat
731 2103 819 2163 suos?
836 2095 951 2173 inpigre
969 2093 1081 2154 terebat

121 2197 224 2258 opem;
249 2181 453 2258 insignemque
468 2181 558 2239 armis
574 2186 604 2238 et
619 2179 718 2238 hostes
732 2195 845 2238 summa
857 2179 885 2237 vi
898 2176 1038 2256 petebant
1053 2181 1108 2237 eti

120 2260 280 2323 tuebantur
294 2264 386 2332 cives,
409 2262 504 2322 donec
518 2261 642 2322 Insuber
663 2279 809 2340 eques-
826 2261 950 2323 Ducario
972 2279 1080 2320 nomen

122 2353 188 2406 erat
200 2377 241 2390 —
253 2345 328 2405 iacie
339 2363 455 2424 quoque
467 2347 614 2406 noscitans
625 2343 775 2405 consulem
792 2389 810 2414 „
818 2362 856 2405 en
864 2353 883 2376 “
897 2344 993 2422 inquit
1006 2389 1023 2413 „
1032 2343 1080 2403 hic

123 2435 193 2488 est“
206 2428 397 2508 popularibus
407 2430 482 2499 suis,
501 2475 519 2499 „
528 2431 577 2508 qui
593 2429 723 2506 legiones
735 2436 850 2488 nostras
865 2427 970 2487 cecidit
979 2443 1079 2504 agros·

122 2529 179 2590 que
193 2519 221 2573 et
235 2511 339 2573 urbem
355 2520 398 2573 est
410 2511 614 2592 depopulatus!
631 2513 689 2572 iam
701 2529 755 2590 ego
770 2512 845 2571 hanc
857 2511 1002 2570 victimam
1018 2529 1079 2570 ma·

122 2594 208 2656 nibus
217 2601 439 2676 perempturum
451 2595 536 2656 foede
548 2599 652 2657 civium
666 2595 755 2666 dabo;
766 2605 783 2629 ‘⁶
796 2593 977 2673 subditisque
987 2593 1079 2656 cateo-
1092 2601 1108 2650 4

121 2677 203 2740 ribus
221 2698 296 2760 equo
310 2697 365 2759 per
384 2679 629 2740 confertissimam
652 2679 779 2740 hostium
803 2678 918 2739 turbam
939 2678 1080 2755 impetum

122 2761 206 2834 iacit,
220 2763 452 2844 obtruncatoque
463 2765 545 2842 prius
557 2765 718 2842 armigero,
735 2764 785 2841 qui
793 2779 824 2826 se
836 2761 942 2822 intes'to
954 2762 1080 2822 venienti

122 2847 236 2910 obviam
248 2848 414 2918 obiecerat,
431 2846 581 2908 consulem
596 2845 697 2908 lancea
716 2847 874 2915 transfixit3
890 2843 1017 2925 spoliare
1030 2863 1078 2905 eu·

122 2932 252 3008 pientem
264 2934 357 2992 triarii
370 2931 492 2993 obiectts
508 2933 596 2993 scutis
608 2948 740 2992 arcuere.
770 2947 893 3008 magnae
909 2929 1108 3009 partis—fugat

123 3013 190 3072 inde
207 3017 335 3092 primum
351 3017 463 3095 coepit;
486 3023 516 3076 et
534 3018 591 3076 iarn
608 3033 663 3075 nec
676 3014 757 3076 lacus
772 3031 827 3074 neo
842 3019 957 3074 montes
979 3013 1081 3088 pavori

122 3095 290 3157 obstabant:
316 3115 370 3175 per
385 3100 482 3158 omnia
497 3107 560 3158 arta
582 3103 797 3176 praeruptaque
818 3097 895 3156 velut
918 3095 999 3154 caeci
1014 3110 1080 3152 eva-

49 3221 51 3226 ·
124 3179 210 3250 dunt,
228 3197 367 3258 armaque
379 3188 408 3240 et
419 3182 574 3258 virisuper
585 3180 672 3240 alium
684 3177 733 3238 alii
744 3179 987 3256 praecipitantur:
1014 3183 1112 3254 parsb

122 3281 243 3340 magna,
265 3262 316 3324 ubi
333 3261 415 3324 locus
429 3262 516 3340 fugae
533 3263 629 3332 deest,
655 3263 818 3340 perprimo
833 3261 903 3320 vada
918 3259 1032 3338 paludis
1048 3260 1080 3319 in

123 3363 228 3426 aquam
241 3347 404 3425 progressi,
419 3341 515 3424 quoad
528 3343 670 3425 capitibus
681 3345 826 3406 umerisve
837 3350 936 3404 extare
948 3350 1078 3422 possunt,
1117 3361 1123 3370 ·

123 3447 188 3492 sese
201 3431 381 3509 inmergunt.
410 3421 578 3509 iuerd‘quos
591 3428 773 3489 inconsultus
782 3445 872 3508 paror
884 3427 981 3488 nando
992 3427 1079 3488 etiam
