2542 3956
210 209 272 273 300
387 223 481 264 canen
494 221 571 262 xxxx.
587 220 656 264 (ιιι.
671 210 715 259 42.
733 208 775 260 lto
790 199 830 281 [a.
845 223 876 262 ιι.
892 223 919 262 e.
939 199 1002 283 538]

209 370 398 452 pabulatores
411 371 526 449 excepti
539 387 557 428 a
570 368 704 430 Numidis
719 369 851 438 lucrant,
866 367 1062 448 profugerent
1073 387 1115 429 eo
1133 370 1195 432 die

210 455 248 516 ad
275 455 419 515 dominos.
462 453 639 532 deductique
663 452 700 512 ad
726 451 863 512 consules
891 453 1029 514 nuntiant
1052 471 1190 515 omnem

211 539 372 599 exereitum
393 536 566 598 llannibalis
590 543 672 596 trans
697 538 849 614 proximos
871 545 989 596 montes
1010 536 1123 598 sedere
1152 539 1189 598 in

169 628 202 680 12
213 621 335 683 insidiis
357 621 463 682 horum
480 627 663 699 opportunus
677 620 818 680 adrentus
836 619 973 681 consules
986 622 1109 699 imperii
1126 641 1188 701 po-

211 713 308 767 tentes
322 706 405 775 leclt,
427 723 493 772 curn
509 703 630 764 ambitio
647 703 768 764 alterius
781 721 865 764 suam
877 705 1008 783 primum
1029 705 1108 784 apud
1129 723 1187 766 eos

212 807 301 870 prava
315 787 496 866 indulgentia
515 790 696 849 maiestatem
711 786 854 848 solvisset„

175 808 374 934 T‘XLIII.
418 871 563 933 Hannibal
588 879 742 951 postquam
768 879 865 930 motos
887 873 980 949 magis
1006 870 1184 932 inconsulte

212 955 360 1018 Romanos
376 974 464 1033 ιιιιιιιιι
480 955 517 1015 ad
537 953 674 1015 ultimum
698 963 809 1016 temere
830 964 947 1015 erectos
961 955 1047 1024 vidit,
1071 958 1183 1034 nequi·

185 1038 429 1117 aquammetecu
445 1039 598 1138 lrandepn
614 1047 710 1099 rastra
725 1039 821 1098 rediit
853 1037 895 1099 ibi
909 1036 1010 1117 plures
1024 1037 1091 1099 dies
1106 1058 1181 1118 pro·

211 1122 307 1220 pter'
298 1123 428 1201 mopiam
447 1122 588 1182 lrumenti
612 1140 734 1183 manere
754 1123 870 1201 nequit,
896 1137 1030 1200 novaque
1050 1122 1179 1183 consilia

211 1206 243 1266 in
266 1203 329 1266 dies
351 1223 410 1266 non
433 1206 509 1286 apud
524 1205 632 1266 milites
645 1205 740 1266 solum
754 1208 862 1266 mixtos
876 1223 913 1266 ex
925 1203 1102 1266 conluvione
1113 1225 1179 1266 nm·

212 1289 294 1351 nium
313 1290 459 1368 gentium,
482 1289 534 1350 sed
556 1291 643 1350 eiiam
665 1289 743 1368 apud
755 1289 888 1349 ducem
880 1307 976 1368 ipsum
990 1288 1178 1350 oriebantur.

184 1379 281 1436 anam
296 1391 363 1434 cum
377 1374 461 1434 iuitio
476 1373 626 1443 fremitus,
644 1372 751 1432 deinde
768 1379 869 1451 aperta
883 1372 1053 1434 rocileratio
1071 1374 1179 1433 fulsset

213 1458 434 1537 exposcentium
447 1456 624 1536 stipendium
632 1456 762 1517 debiturn
769 1457 1014 1535 querentiumque
1024 1473 1177 1519 annonam

213 1543 326 1619 primo,
341 1547 493 1619 postremo
508 1540 630 1608 famem,
648 1547 677 1599 et
690 1541 912 1600 mercennarIos
925 1539 1035 1600 milites
1045 1542 1177 1601 maxime

212 1623 334 1702 Hispani
363 1625 481 1702 generis
506 1623 543 1683 de
572 1625 746 1683 transitione
772 1624 886 1701 cepisse
910 1623 1066 1684 consilium
1098 1624 1176 1685 lama

185 1713 304 1777 resset,
328 1708 391 1786 ipse
412 1708 498 1768 etiam
521 1706 669 1766 interdurn
687 1705 832 1767 Hannibal
851 1706 888 1766 de
908 1707 977 1784 iuga
999 1709 1031 1766 in
1048 1705 1174 1768 Galliam

213 1789 321 1854 dicitur
332 1791 472 1867 agitasse,
492 1791 576 1851 itaut
589 1787 692 1849 relicto
707 1789 838 1869 pedltatu
855 1791 1014 1851 amnicum
1026 1791 1175 1870 equilibus

183 1879 243 1934 ase
264 1874 440 1953 proriperet.
472 1891 538 1934 cum
561 1874 634 1934 haec
655 1872 775 1934 consilia
796 1882 882 1953 atque
902 1874 951 1934 bic
971 1873 1090 1935 habitus
1112 1877 1174 1934 ani·

212 1975 329 2018 morum
349 1964 425 2018 esset
444 1958 608 2027 incastris,
632 1974 751 2018 movere
771 1958 839 2018 iude
862 1959 964 2018 statuit
983 1959 1015 2017 iu
1032 1957 1173 2020 calidiora

213 2049 299 2122 atque
311 2058 346 2101 eo
358 2043 517 2102 maturiora
531 2042 627 2102 messii
652 2059 675 2101 ιι
682 2041 804 2120 Apuliae
817 2040 890 2111 loca,
905 2040 993 2101 simui
1004 2043 1100 2116 quod,
1114 2060 1173 2122 quo

212 2126 329 2203 longius
350 2124 386 2186 ab
406 2125 490 2186 hoste
511 2127 696 2194 recessisset,
721 2125 882 2203 transfugia
904 2125 1082 2205 inpeditiora
1102 2125 1172 2186 levi·

185 2207 267 2270 ebus
288 2209 414 2286 ingeniis
430 2214 536 2269 essent.
566 2208 718 2288 proiectus
733 2217 778 2271 est
793 2217 880 2270 nocte
901 2209 1018 2286 ignibus
1037 2209 1172 2270 similiter

214 2291 297 2354 lactis
316 2291 568 2372 tabernaculisque
591 2294 692 2373 paucis
709 2294 884 2372 inspeciem
899 2293 1024 2364 cebetis,
1045 2299 1078 2354 ut
1099 2295 1170 2354 iusi·

188 2374 329 2438 tdiarum
351 2395 404 2456 par
424 2378 518 2456 priori
539 2385 634 2438 metus
654 2379 819 2437 contineret
839 2377 996 2438 Romanos.
1042 2376 1096 2438 sed
1116 2395 1170 2457 per

215 2460 340 2522 eundem
360 2461 509 2522 Lucanum
531 2460 676 2522 Statilium
695 2460 831 2522 omnibus
856 2459 934 2520 ultra
954 2468 1049 2522 eastra
1074 2467 1169 2522 trans·

214 2562 270 2623 que
295 2546 403 2605 montis
430 2543 585 2623 exploratis
606 2563 673 2606 cum
698 2543 823 2606 relatum
845 2552 922 2604 esset
946 2546 1038 2605 risum
1066 2543 1169 2623 procul
1253 2589 1254 2594 ι

214 2627 339 2690 bostium
353 2645 470 2707 agmen,
485 2638 546 2690 tum
559 2629 596 2689 de
611 2629 792 2710 insequendo
804 2646 839 2690 eo
851 2627 972 2689 consilia
986 2629 1091 2706 agitari
1102 2647 1168 2690 coe·

187 2717 273 2789 epta
304 2731 370 2773 cum
383 2713 673 2794 utriusqueconsuiis
688 2713 789 2775 eadem
802 2731 877 2795 quae
889 2719 955 2776 ante
967 2732 1085 2793 semper
1098 2715 1166 2776 inb·
1252 2761 1253 2770 ,

213 2803 258 2854 set
280 2797 438 2864 sententia,
464 2805 593 2858 ceterum
606 2798 731 2858 Varroni
751 2798 816 2859 iere
831 2815 947 2868 omues,
970 2797 1061 2859 Paulo
1081 2817 1165 2859 nemo

185 2881 331 2978 epraeter
343 2878 495 2940 Servilium
511 2882 618 2958 prioris
632 2883 701 2941 anni
717 2881 867 2943 consulem
879 2845 1164 2980 adsentireturssma·
1252 2879 1253 2896 ²

214 2963 284 3023 ioris
304 2963 395 3042 partis
411 2965 554 3024 sententia
576 2963 612 3023 ad
633 2963 829 3026 nobilitandas
850 2966 932 3027 clade
948 2966 1080 3027 Romana
1095 2965 1164 3028 Can·
1251 3031 1252 3036 γ

173 3053 205 3104 ιο
217 3065 269 3109 nas
283 3053 406 3125 urgente
422 3047 481 3109 lato
499 3046 625 3128 proiecti
646 3055 723 3108 sunt.
754 3065 846 3128 prope
862 3069 929 3111 eum
948 3051 1044 3110 vicum
1059 3050 1162 3112 llanni·
1236 3049 1252 3120 ,l

214 3131 262 3193 bal
281 3139 375 3194 eastra
397 3141 535 3213 posuerat
557 3148 658 3192 aversa
678 3149 695 3192 a
713 3131 855 3194 Volturno
874 3141 974 3204 ventu,
995 3135 1047 3214 qui
1059 3134 1162 3212 campis
1235 3146 1236 3168 i

173 3219 201 3271 11
217 3215 336 3277 torridis
350 3216 477 3277 siccitate
489 3216 582 3278 nobes
597 3214 725 3296 pulveris
735 3216 823 3276 vehit.
856 3217 886 3278 id
898 3235 965 3278 cnm
982 3218 1054 3296 ipsis
1065 3218 1162 3278 castris
1234 3232 1235 3243 ³

215 3299 454 3376 percommodum
469 3300 535 3369 luit,
559 3307 622 3360 tum
637 3298 763 3360 salutare
776 3301 933 3379 praecipue
948 3301 1078 3361 intimum
1095 3307 1159 3370 erat,
1224 3299 1235 3382 ἰ

215 3397 281 3439 cum
296 3381 388 3442 aciem
404 3380 579 3459 dirigerent,
600 3383 657 3460 ipsi
677 3383 785 3452 aversi,
811 3390 894 3460 terga
913 3391 1025 3456 tantum
1041 3383 1161 3444 adilante
1234 3383 1235 3388 ’

214 3467 317 3530 rento,
331 3463 363 3520 ln
377 3471 561 3524 occaecatum
577 3464 697 3540 pulvere
717 3466 807 3525 elluso
822 3465 937 3526 hostem
957 3468 1122 3545 pugnaturi.

1243 3691 1250 3748 ι
