2542 3956
316 329 410 373 nunna
425 331 515 374 xxm.
531 328 600 373 oar.
617 316 660 370 26.
674 317 717 370 27.
736 305 776 392 [a.
791 310 826 372 0.
842 307 903 392 tlt]
1028 314 1091 376 345

129 479 230 558 magis
242 497 419 560 prosperum
438 478 588 540 Romanis.
627 479 662 538 P.
686 484 717 539 et
736 477 789 539 Cu.
811 475 997 556 Scipionibus
1013 479 1121 539 intere

132 583 167 624 se
181 564 297 642 partitis
314 564 426 642 copias,
449 569 482 623 ut
499 563 615 624 Gnaeus
630 570 726 632 terra,
747 559 869 622 Publius
888 560 1009 622 naribus
1025 579 1091 622 rem

131 653 269 724 gereret,
285 645 450 708 Hasdrubal
464 647 630 706 Poenorum
644 646 821 725 imperator,
842 645 940 704 neutri
960 647 1036 724 parti
1050 647 1091 705 vi·

130 733 215 792 rium
229 731 299 792 satis
315 728 425 801 tideus,
440 727 546 810 procul
561 727 597 790 ab
613 728 697 789 hoste
709 726 861 789 intervallo
876 745 911 788 ao
925 725 998 788 locis
1011 735 1092 790 tutus

130 812 255 874 tenebat
268 832 315 884 se,
337 813 433 892 quoad
444 812 569 874 multum
580 830 614 873 ac
629 811 679 874 diu
690 811 848 873 obtestanti
864 818 1001 890 quattuor
1012 812 1092 873 milia

131 897 268 976 peditum
280 904 309 958 et
323 901 403 958 mdia
416 897 528 974 equites
549 896 580 956 in
595 895 831 976 supplementum
847 896 929 956 missi
943 914 980 956 ex
994 895 1092 957 dirica

130 986 213 1040 sunt.
247 986 309 1041 tum
323 981 432 1042 relecta
447 979 565 1042 undem
580 998 633 1060 spe
648 987 743 1040 castra
761 980 882 1058 propius
897 978 1012 1040 hostem
1028 985 1121 1040 moa

133 1066 191 1134 vit,
209 1062 391 1144 classemque
406 1071 436 1126 et
449 1065 512 1144 ipse
529 1065 636 1124 instrui
655 1064 813 1142 pararique
832 1061 915 1123 iubet
931 1063 968 1122 ad
982 1062 1093 1124 insulas

130 1149 379 1227 maritumamque
401 1167 484 1210 oram
504 1147 666 1208 tutandam.
703 1149 818 1227 inipso
841 1148 953 1224 impetu
974 1154 1124 1209 meren-4

131 1231 242 1292 darum
257 1231 293 1292 de
309 1232 424 1309 integro
444 1248 547 1292 rerum
568 1229 694 1310 perculit
719 1249 786 1292 eum
805 1230 1023 1310 praefectorum
1040 1248 1092 1292 na·

130 1317 213 1375 vium
230 1316 380 1383 transitio,
396 1316 447 1394 qui
461 1321 527 1393 post
540 1312 662 1376 classem
678 1313 715 1374 ad
729 1314 871 1374 Hiberum
886 1331 941 1392 per
954 1332 1093 1394 pavorem

132 1398 284 1458 desertam
299 1399 428 1475 graviter
441 1398 579 1476 increpiti
593 1415 751 1477 numquam
767 1396 964 1474 deindebsatis
979 1399 1029 1458 ddi
1044 1405 1093 1459 aut

131 1481 204 1542 duci
238 1487 288 1541 aut
311 1481 596 1558 Carthaginiensium
620 1479 710 1541 rebus
736 1480 863 1541 inerant.
899 1480 1032 1542 fecerant
1060 1481 1121 1541 hia

130 1563 305 1642 transfugae
327 1572 440 1626 motum
459 1567 491 1625 iu
509 1564 710 1625 Tartesiorum
728 1571 832 1642 gente,
852 1562 1094 1644 desciverantque

129 1649 168 1710 iis
184 1648 353 1709 auctoribus
368 1647 458 1710 urbes
474 1647 599 1728 aliquot;
623 1666 682 1709 una
704 1649 792 1709 etiam
813 1646 849 1707 ab
864 1648 935 1726 ipsis
956 1650 984 1709 vi
1008 1655 1094 1726 capta

129 1733 240 1794 luerat.
272 1733 304 1792 in
327 1751 391 1792 eam
411 1739 530 1810 gentem
550 1749 667 1793 versum
688 1731 724 1793 ab
741 1731 882 1792 Romanis
902 1730 1014 1792 bellum
1041 1737 1127 1801 esto

130 1815 301 1894 infestoque
321 1817 453 1876 exercitu
469 1815 633 1876 Hasdrubal
656 1817 807 1894 ingressus
830 1833 934 1894 agrum
964 1815 1094 1877 hostium

130 1917 188 1980 pro
206 1907 308 1978 captae
321 1906 388 1959 ante
405 1899 468 1959 dies
480 1917 589 1978 paucos
603 1898 686 1960 urbis
701 1897 855 1960 moenibus
871 1897 1025 1968 Chalbum,
1041 1917 1094 1959 no·

130 1982 226 2044 bilem
242 1981 442 2059 Tartesiorum
459 1981 581 2053 ducem,
603 2001 669 2043 cum
684 1980 779 2042 valido
796 1984 928 2042 exercitu
945 1985 1048 2044 eastris
1063 2001 1096 2043 se

131 2072 302 2136 tenentem,
321 2065 442 2143 adgredi
455 2067 564 2127 statuit.
590 2067 750 2143 praemissa
760 2065 850 2141 igitur
864 2065 921 2125 levi
933 2073 1093 2134 armatura,
1106 2073 1122 2122 7

131 2167 211 2231 quae
225 2147 346 2210 eliceret
359 2149 452 2210 hostis
467 2149 503 2210 ad
518 2160 683 2218 certamen,
705 2149 835 2226 equitum
850 2156 967 2227 partem
986 2149 1023 2210 ad
1043 2147 1094 2208 de·

131 2231 336 2314 populandum
350 2251 405 2312 per
420 2249 506 2310 agros
522 2233 632 2311 passim
646 2232 756 2291 dimisit
775 2240 805 2292 et
817 2238 850 2291 ut
868 2229 996 2308 palantis
1016 2233 1093 2293 exci-

131 2322 251 2396 perent.
286 2315 372 2376 simul
394 2322 424 2376 et
449 2313 486 2375 ad
510 2321 604 2375 castra
624 2312 765 2376 tumultus
787 2322 850 2374 erat
871 2321 901 2374 ot
927 2333 982 2393 per
1008 2320 1126 2394 agrosu

132 2400 263 2478 fugaque
279 2405 309 2458 et
324 2397 443 2471 caedem
459 2397 565 2458 deinde
576 2397 705 2478 undique
722 2397 844 2460 diversis
858 2398 1013 2460 itineribus
1028 2416 1094 2459 oum

132 2485 166 2544 in
190 2487 288 2542 castra
312 2499 345 2543 se
368 2482 566 2561 recepissent,
590 2481 663 2543 adeo
689 2487 812 2560 repente
835 2481 962 2543 decessit
990 2482 1095 2542 animis

133 2583 244 2646 pavor,
259 2571 368 2626 utnon
383 2564 420 2626 ad
434 2565 616 2626 munimenta
631 2565 720 2626 modo
737 2563 923 2626 defendenda
941 2566 1012 2626 satis
1033 2567 1096 2626 aui·

135 2666 254 2716 morum
268 2655 359 2719 esset,
382 2648 435 2710 sod
451 2649 539 2710 etiam
560 2649 596 2710 ad
615 2647 819 2710 lacessendum
839 2648 954 2727 proelio
969 2648 1093 2710 hostem.

135 2739 298 2811 erumpunt
315 2733 405 2811 igitur
425 2734 541 2811 agmine
557 2749 573 2792 e
591 2734 694 2793 castris
711 2731 907 2811 tripudiantes
928 2750 1012 2802 more
1033 2736 1126 2801 suo,a

136 2817 350 2896 repentinaque
372 2833 475 2877 eorum
498 2815 618 2877 audacia
644 2824 789 2876 terrorem
816 2814 894 2877 hosti
913 2815 1001 2896 paulo
1027 2823 1095 2876 ante

136 2899 215 2962 ultro
230 2898 386 2982 lacessenti
401 2900 532 2962 incussit
561 2899 658 2979 itaque
673 2906 703 2960 et
719 2901 782 2979 ipso
802 2898 965 2961 Hasdrubal
987 2900 1018 2961 in
1032 2898 1092 2960 ool·
1106 2905 1140 2958 lu

135 2983 196 3044 lem
208 2984 278 3046 satis
294 2983 433 3056 arduum,
450 2983 571 3045 flumine
583 2985 669 3044 etiam
681 2981 796 3044 obiecto
807 2991 900 3045 tutum
912 2984 1012 3065 copias
1026 2982 1095 3044 suh-

137 3065 219 3126 duoit
232 3074 262 3127 et
276 3070 468 3145 praemissam
481 3066 576 3128 levem
596 3074 774 3128 armaturam
790 3069 961 3148 equitesque
983 3067 1095 3144 palatos

138 3146 244 3207 eodem
262 3152 383 3226 recipit,
408 3169 463 3211 nee
478 3157 528 3210 aut
537 3148 602 3209 colli
619 3158 670 3209 aut
682 3151 796 3210 llumini
806 3153 875 3211 satis
890 3151 984 3210 fidens
1001 3155 1096 3208 castra

138 3229 214 3291 vallo
228 3233 387 3309 permunit
418 3233 450 3291 in
464 3232 522 3291 hoc
537 3231 650 3290 alterno
673 3248 781 3308 pavore
802 3233 963 3292 certamina
984 3230 1094 3308 aliquot
1106 3237 1135 3290 11

138 3321 208 3374 sunt
223 3320 383 3374 contracta.
416 3331 472 3374 nec
486 3311 610 3374 Numida
626 3313 755 3391 Hispano
771 3329 861 3390 eques
883 3333 937 3395 par
952 3315 1019 3384 luit,
1040 3331 1096 3373 nec

139 3395 284 3458 iaculator
298 3396 417 3457 Maurus
432 3403 578 3464 castrato,
601 3393 753 3456 velocitate
777 3397 856 3476 pari,
877 3398 986 3460 robore
1006 3398 1095 3458 animi

139 3481 306 3559 viriumque
322 3478 502 3558 aliquantum
516 3481 687 3558 praestanti,
729 3479 842 3542 xxvtt.
871 3483 1028 3562 Postquam
1044 3499 1094 3540 ne·
1109 3488 1122 3540 1

138 3582 198 3644 que
210 3563 318 3625 elicere
324 3562 456 3626 Poenum
469 3564 506 3624 ad
518 3571 667 3624 certamen
678 3561 825 3626 obversati
837 3569 939 3630 castris
950 3571 1096 3646 poterant,
