2546 3936
212 215 276 278 120
326 267 328 273 .
412 231 506 272 arana
519 232 562 272 xx.
579 230 646 273 oar.
662 219 705 271 24.
721 219 764 272 25.
777 207 817 291 [a.
832 233 863 271 4.
879 233 904 271 4.
920 205 988 291 440]

212 379 269 447 tia,
287 384 320 437 44
335 379 367 438 lit
381 379 411 436 in
428 379 565 457 aspretis,
582 377 662 438 etde
678 377 821 438 industria
836 379 938 446 etiam,
957 395 1014 457 quo
1030 376 1113 440 locus
1127 387 1178 442 tu·

184 464 272 521 ’44444
288 471 378 529 esset,
402 461 437 522 ab
461 463 614 541 oppidanis
637 469 783 538 congesta.
814 461 865 522 ubi
888 478 954 521 cum
975 463 1176 525 constituisset

211 545 374 615 Romanos,
390 547 582 623 semitamque
594 551 746 622 angustam
757 553 785 605 et
797 544 919 605 arduam
932 554 1060 605 erectam
1074 563 1111 606 ex
1121 566 1175 626 op-

211 629 281 708 pido
293 631 323 688 in
339 649 437 689 arcem
455 629 644 688 ostendisset:
679 629 762 700 „boc
777 626 896 706 quidem
913 637 1062 688 ascensu“
1078 631 1176 710 444444

184 718 201 768 8
213 760 230 782 „
239 713 283 772 vel
300 721 360 772 tres
374 715 477 772 armati
489 711 649 790 quamlibet
663 711 880 792 multitudinem
892 714 1055 782 arcuerim:
1081 731 1134 774 vos
1146 721 1176 774 et

212 797 313 856 decem
327 815 465 864 numero,
478 803 520 864 et,
535 796 613 872 quod
625 795 691 872 plus
703 803 761 863 est,
776 794 901 855 Romani
912 796 1174 877 Romanorumque

210 879 362 939 tortissimi
378 897 432 938 urr
448 880 526 937 estis.
559 884 587 937 44
607 876 689 937 locus
711 895 766 955 pro
781 877 863 938 vobis
880 886 910 938 et
929 897 987 939 nox
1004 881 1075 950 erit,
1097 899 1174 960 quae

210 965 308 1021 omnia
321 981 356 1020 ex
371 963 484 1019 incerto
499 961 610 1020 maiora
626 962 735 1020 territis
747 970 882 1023 ostentat.
913 981 968 1041 ego
983 965 1040 1023 iam
1056 971 1174 1026 terrore

179 1047 308 1105 domnia
323 1042 459 1122 inplebo,
481 1061 532 1103 vos
551 1060 648 1104 arcem
666 1046 772 1104 intenti
791 1053 919 1106 tenete.“
953 1047 1084 1109 decurrit
1102 1049 1174 1108 inde

210 1133 318 1206 quanto
333 1128 457 1187 maxime
468 1135 584 1206 poterat
596 1146 662 1187 cum
675 1128 815 1189 tumultu:
830 1130 893 1199 „ad
906 1139 1015 1191 arma“
1029 1139 1073 1192 et:
1090 1149 1172 1210 „pro

208 1219 334 1271 vestram
353 1211 455 1281 fidem,
477 1213 554 1271 cives
562 1219 580 1244 ‘⁶
603 1209 768 1281 clamitans,
791 1256 810 1281 „
819 1229 871 1272 arx
884 1213 920 1272 ab
940 1214 1073 1275 hostibus
1088 1223 1174 1295 capta

169 1301 201 1352 10
213 1301 266 1363 est,
279 1295 436 1364 defendite,
448 1296 519 1357 ite.“
553 1296 626 1356 baec
638 1295 773 1354 incidens
784 1295 951 1374 principum
963 1297 1085 1369 loribus,
1098 1300 1174 1359 haec

209 1378 310 1450 obviis,
322 1379 395 1439 haec
403 1379 627 1439 excurrentibus
635 1381 665 1438 in
678 1378 829 1460 publicum
840 1377 1104 1459 paridisincrepat.
1123 1398 1173 1441 ac·

167 1470 196 1521 11
211 1471 327 1543 ceptum
344 1463 379 1524 ab
392 1482 451 1523 uno
464 1481 603 1542 pavorem
620 1461 720 1540 plures
731 1480 786 1541 per
799 1461 906 1523 urbem
923 1462 1031 1524 lerunt.
1063 1463 1174 1544 trepidi

208 1549 396 1624 magistratus
409 1548 505 1605 missis
519 1547 555 1605 ad
566 1563 664 1606 arcem
678 1545 912 1623 exploratoribus
926 1565 992 1607 cum
1009 1546 1065 1607 tela
1081 1554 1112 1607 et
1122 1565 1171 1607 ar·

207 1638 301 1689 matos
313 1636 414 1688 tenere
426 1647 523 1689 arcem
536 1628 727 1708 madtiplicato
741 1647 864 1690 aumero
872 1630 1021 1700 audirent,
1036 1637 1173 1693 avertunt

163 1719 198 1770 la
210 1715 323 1772 animos
339 1731 354 1771 4
370 1730 422 1790 spe
438 1712 658 1791 recuperandae
677 1715 767 1782 arcis;
784 1713 852 1792 luga
867 1721 972 1774 cuncta
984 1714 1170 1794 conplentur,

204 1795 412 1876 portaequeab
422 1792 606 1856 semisomnis
615 1815 649 1856 ac
657 1798 782 1857 maxima
794 1806 879 1876 parte
889 1798 1053 1858 inermibus
1062 1799 1171 1860 444444-

209 1887 332 1958 guntur,
350 1897 474 1958 quarum
491 1899 546 1959 per
562 1899 650 1941 unam
665 1881 844 1959 praesidium
859 1882 1025 1942 Romanum
1041 1881 1171 1944 clamore

208 1965 364 2024 excitatum
376 1965 519 2044 inrumpit
531 1972 560 2025 44
571 1973 781 2026 concursantes
793 1967 917 2045 pervias
930 1966 1051 2045 pavidos
1064 1966 1170 2027 caedit.

163 2055 196 2106 43
208 2049 265 2107 iam
282 2048 354 2107 Sora
374 2055 457 2127 capta
477 2055 554 2126 erat,
576 2067 642 2108 cum
660 2048 795 2110 consules
818 2051 912 2128 prima
931 2049 1170 2121 luceadvenere,

207 2129 323 2210 et'quos
335 2131 464 2210 reliquos
479 2132 596 2192 fortuna
613 2151 648 2193 ex
664 2141 813 2194 nocturna·
823 2133 913 2194 caede
929 2151 963 2193 ac
978 2133 1047 2211 luga
1061 2134 1173 2195 lecerat

164 2225 195 2275 14
207 2217 236 2275 44
258 2216 437 2276 deditionem
452 2218 608 2296 accipiunt.
638 2235 674 2278 ex
693 2219 739 2279 his
752 2218 893 2278 ducentos
913 2218 1172 2298 vigintiquinque,

206 2301 257 2378 qui
268 2301 399 2360 omnium
412 2317 558 2361 consensu
571 2300 792 2361 destinabantur
804 2310 833 2361 et
848 2301 985 2362 infandae
998 2301 1172 2364 colonorum

205 2383 303 2444 caedis
323 2391 352 2444 et
374 2383 545 2444 delectionis
566 2393 716 2452 auctores,
738 2387 851 2444 vinctos
865 2385 988 2446 Romam
1005 2385 1171 2454 deducunt;

205 2475 334 2528 ceteram
350 2467 569 2528 multitudinem
585 2467 762 2528 incolumem
778 2469 925 2546 praesidio
936 2470 1063 2548 inposito
1077 2470 1171 2530 Sorae
1261 2475 1262 2514 ³

161 2558 194 2610 15
206 2550 386 2631 relinquunt.
421 2570 539 2622 omnes,
563 2554 613 2632 qui
628 2552 751 2611 Romam
769 2551 887 2613 deducti
910 2559 1008 2622 erant,
1033 2555 1124 2632 virgis
1138 2555 1170 2614 iu

203 2634 269 2694 loro
285 2637 363 2694 caesi
381 2653 414 2694 ac
431 2637 529 2695 securi
543 2636 677 2716 percussi
694 2653 809 2696 summo
832 2637 939 2714 gaudio
954 2635 1065 2715 plebis,
1087 2639 1171 2698 cuius
1261 2671 1262 2676 κ

203 2721 331 2779 maxime
347 2720 491 2779 intererat
510 2727 602 2779 tutam
617 2718 745 2798 ubique,
769 2737 844 2799 quae
866 2722 976 2799 passim
992 2721 1023 2780 in
1039 2719 1171 2782 colonias
1261 2733 1262 2764 4

202 2803 384 2871 mitteretur,
401 2801 619 2862 multitudinem
636 2821 710 2864 esse.

176 2890 190 2942 1
265 2883 352 2944 XXV.
383 2884 525 2945 Consules
547 2886 583 2945 ab
605 2887 677 2946 Sora
699 2887 825 2965 proiecti
847 2889 879 2946 44
903 2905 989 2966 agros
1012 2896 1099 2968 atque
1118 2907 1169 2950 ur·
1261 2867 1262 2914 1

175 2965 257 3028 thes
275 2967 425 3027 Ausonum
440 2966 550 3028 bellum
567 2967 739 3031 intulerunt.
770 2976 850 3033 mota
865 2989 992 3051 namque
1007 2975 1106 3033 omnia
1117 2973 1169 3034 ad·
1261 3007 1262 3016 2

201 3062 290 3113 ventu
307 3052 497 3122 Samnitium,
516 3071 582 3112 cum
599 3053 675 3132 apud
692 3053 829 3116 Lautulas
845 3055 1013 3116 dimicatum
1030 3065 1088 3127 est,
1106 3057 1169 3118 lue·
1261 3099 1262 3102 ,

173 3143 190 3190 3
201 3144 277 3208 rant,
291 3138 569 3217 coniurationesque
581 3139 659 3198 circa
669 3137 857 3218 Campaniam
870 3141 978 3220 passim
990 3140 1100 3211 iactae3
1114 3139 1169 3201 nec

201 3219 299 3299 Capua
326 3223 389 3301 ipsa
412 3223 536 3282 crimina
562 3224 671 3292 caruit;
700 3225 771 3302 quin
793 3223 917 3283 Romam
939 3241 1056 3303 444444
1078 3231 1108 3284 44
1132 3223 1168 3285 ad

199 3305 368 3382 principum
384 3304 526 3383 quosdam
542 3306 719 3384 inquirendo
739 3313 858 3366 rentum
874 3314 927 3368 est.
961 3315 1093 3368 ceterum
1110 3308 1167 3368 Au·

201 3403 306 3445 sonum
324 3405 396 3464 gens
411 3389 580 3466 proditione
591 3389 724 3460 urbium,
743 3392 819 3451 sicut
833 3391 921 3460 Sora,
946 3391 977 3449 in
992 3398 1168 3469 potestatem

173 3469 289 3528 444444.
318 3470 436 3530 Ausona
448 3478 478 3530 et
490 3470 658 3535 Minturnae
675 3481 704 3532 et
719 3474 821 3534 Vescia
836 3475 926 3534 urbes
938 3480 1040 3547 erant,
1055 3493 1091 3535 ex
1102 3475 1168 3554 qui·
