2538 3946
334 177 428 218 ursus
442 178 472 218 x.
489 176 556 218 cer.
573 163 616 220 ³7.
627 162 671 218 38.
692 153 732 238 [e.
747 157 782 220 0.
797 164 858 220 tte.
874 157 935 241 213]
1050 163 1113 230 18⁹

151 325 282 404 reliquit.
316 323 385 384 inde
406 325 483 384 inter
501 323 636 386 tribunos
655 321 749 403 plebis
771 326 921 386 contemto
943 333 1022 387 orta:
1044 343 1113 406 pars

150 411 381 474 intercessuros,
400 425 438 468 ne
450 426 525 468 novo
537 405 670 487 exemplo
681 409 891 486 triumpharet,
909 409 1022 480 aiebat,
1034 427 1112 489 pars,

152 491 261 554 auxillo
279 511 311 552 se
333 492 471 552 adversus
487 490 614 570 collegas
634 492 827 570 triumphanti
847 493 969 553 loturos.
1007 494 1110 556 iactata
1124 500 1157 551 10

152 593 202 636 res
213 575 250 635 ad
263 576 403 654 populum
416 583 467 646 est,
478 583 655 655 vocatusque
666 593 702 636 eo
710 575 812 638 consul
824 595 890 636 cum
903 577 940 636 ll.
950 577 1112 648 Horatium,

152 659 186 721 L.
199 659 346 721 Valerium
359 658 511 729 eonsules,
527 659 631 720 Gaium
642 659 782 720 Marcium
796 660 925 720 Rutilum
938 679 1045 740 uuper,
1062 679 1114 740 pa·

153 753 231 804 trem
244 744 316 812 eius,
328 743 377 822 qui
388 752 458 804 tunc
470 761 575 804 censor
587 751 674 814 esset,
685 761 745 802 nou
753 761 789 803 ex
801 746 972 804 auctoritate
985 751 1113 816 senatus,

152 825 206 888 sed
223 829 303 886 iussu
319 826 418 906 populi
435 827 629 907 triumphasse
644 827 769 897 diceret,
790 828 935 888 adiciebat
948 847 980 888 se
996 846 1112 908 quoque
1126 833 1154 884 ll

154 910 282 970 laturum
300 912 389 971 luisse
405 911 442 972 atl
458 912 615 992 populum,
634 913 665 972 ni
679 911 782 981 sciret,
803 915 958 990 mancupia
971 913 1113 973 nobilium

153 993 289 1054 tribunos
305 995 399 1074 plebis
413 995 510 1074 legem
526 995 724 1076 inpedituros
746 995 924 1056 voluntatem
947 996 1002 1056 sibi
1022 1015 1057 1057 ac
1070 996 1114 1057 la·

153 1095 253 1138 vorem
282 1080 492 1141 consentientis
521 1079 622 1158 populi
641 1097 696 1158 pro
722 1080 858 1141 omuibus
883 1083 969 1140 iussis
990 1099 1054 1140 esse
1079 1099 1114 1141 ac

152 1159 261 1222 lutura.
305 1174 483 1241 posteroque
504 1163 552 1223 die
575 1162 680 1223 auxffio
701 1162 886 1222 tribunorum
910 1164 1003 1240 plebis
1024 1165 1113 1226 trium
1125 1167 1157 1217 12

153 1245 293 1305 aduersus
307 1247 549 1304 intercessionem
564 1253 676 1323 septem
691 1244 877 1306 tribunorum
896 1254 924 1305 et
939 1265 1115 1308 consensum

153 1335 273 1388 senatus
291 1327 459 1388 celebrante
475 1327 583 1406 populo
599 1328 677 1387 diem
691 1327 889 1406 triumphavit.

216 1409 253 1468 Et
266 1411 352 1470 liuius
362 1412 432 1468 anni
443 1428 547 1488 parum
559 1418 697 1472 constans
705 1414 848 1472 ,mensoria
861 1419 913 1470 est.
932 1411 1113 1474 Postumium
1125 1417 1156 1468 13

153 1497 257 1553 auctor
281 1501 325 1552 est
345 1492 482 1554 Claudius
501 1495 532 1555 in
555 1495 675 1556 Samnio
696 1495 789 1572 captis
809 1494 921 1572 aliquot
939 1495 1062 1556 urbibus
1083 1497 1115 1556 in

152 1575 256 1656 lbpulia
283 1577 379 1636 lusum
404 1577 609 1658 fugatumque,
637 1578 769 1640 saucium
797 1580 893 1657 ipsum
922 1599 988 1640 cum
1013 1581 1115 1658 paucis

153 1660 308 1722 Luceriam
322 1659 510 1739 conpulsum:
526 1661 562 1722 ab
574 1661 702 1724 11111010
713 1662 830 1722 Etruria
844 1681 891 1724 rcs
906 1671 1015 1740 gestas,
1032 1681 1114 1724 eum·

153 1762 212 1824 quc
227 1745 434 1822 triumphasse.
465 1743 574 1806 Fabius
589 1745 676 1807 ambo
694 1746 829 1806 consules
850 1749 881 1806 in
897 1748 1015 1808 Samnio
1033 1753 1062 1807 et
1077 1746 1113 1808 ad
1126 1753 1156 1804 11

153 1827 308 1888 Imceriam
323 1847 371 1888 res
392 1828 516 1906 gessisse
531 1829 648 1902 scribit,
671 1829 899 1908 traductumque
920 1832 951 1888 iu
966 1831 1114 1892 Etruriam

154 1914 316 1973 exercitum
331 1911 436 1973 -sed
457 1911 493 1974 ab
513 1919 580 1974 utro
601 1911 736 1982 consule,
758 1931 818 1974 non
839 1913 945 1972 alliccit
967 1947 1006 1958 -
1021 1922 1053 1973 et
1075 1915 1156 1976 aare

153 1994 307 2056 luceriam
330 1999 478 2076 utrimque
498 1996 606 2059 multos
620 1998 747 2068 occisos,
768 1998 857 2075 Inque
874 2015 907 2056 ea
929 2014 1026 2074 pugna
1040 1996 1114 2058 Iovis

154 2079 279 2141 Statoris
293 2081 398 2140 aedem
411 2088 521 2150 votam,
545 2088 578 2142 ut
591 2079 733 2144 Romulus
753 2089 821 2151 ante
841 2089 972 2149 voveram
997 2081 1049 2141 sed
1069 2081 1113 2142 fa·

153 2179 224 2224 uum
235 2172 366 2232 tautum,
383 2163 414 2222 id
429 2171 474 2224 est
488 2162 570 2226 locus
582 2163 694 2243 templo
710 2165 812 2225 allatus
828 2163 988 2244 [sacratus]
1004 2165 1109 2225 iuerat.

153 2254 286 2306 ceterum
300 2249 356 2306 hoc
372 2247 490 2307 demum
512 2266 605 2320 auno,
627 2255 660 2309 ut
679 2247 782 2309 aedem
798 2250 885 2308 etiam
909 2248 973 2306 lieri
994 2255 1113 2308 senatus
1124 2253 1155 2305 11

153 2328 284 2400 luberet,
299 2329 346 2392 bis
358 2331 489 2391 elusdem
501 2333 558 2394 voti
570 2333 706 2394 damnata
718 2329 880 2410 republica
895 2332 925 2390 in
940 2329 1112 2409 religionem

153 2415 242 2473 venit.

215 2496 366 2559 XXXVIII.
397 2499 536 2578 Sequitur
560 2500 640 2561 hunc
668 2516 777 2577 aunum
799 2504 828 2558 et
853 2495 955 2556 consul
979 2497 1139 2574 insignis,1

153 2579 186 2642 L.
201 2579 336 2659 PapIrius
352 2583 475 2655 Cursor,
492 2603 548 2663 qua
563 2591 685 2661 paterna
704 2581 796 2660 gloria
812 2601 868 2660 qua
885 2599 936 2640 sua
956 2587 986 2640 et
1002 2579 1113 2642 bellum

153 2664 259 2742 lugens
277 2668 471 2744 lictor-laque,
492 2673 631 2746 quautam
647 2666 683 2726 de
698 2665 878 2726 Samnitibus
894 2683 981 2724 nomo
996 2663 1033 2724 ad
1048 2681 1113 2724 eam

154 2747 232 2808 diem
244 2760 363 2828 praeter
377 2751 409 2810 L.
421 2751 585 2829 Papinum,
600 2757 715 2829 patrem
732 2749 875 2818 consullS,
892 2755 1055 2826 pepererat.
1083 2755 1139 2808 011

153 2831 239 2915 torte,
248 2835 351 2893 eodem
364 2842 471 2894 conatu
482 2841 680 2913 apparatuque
695 2835 777 2895 omni
791 2833 939 2912 opulentia
955 2833 1113 2910 insignium

154 2932 304 2976 armorum
325 2917 435 2977 bellum
450 2918 664 2979 adornaverant
680 2924 709 2977 et
724 2917 846 2977 deorum
865 2920 951 2976 etlam
972 2915 1112 2976 adbibue-

153 3006 221 3059 rant
241 3017 314 3075 opes
332 3003 391 3060 ritu
410 3001 536 3080 quodam
558 3002 733 3061 sacramenti
757 3011 870 3061 vetusto
891 2999 969 3058 velut
994 2997 1113 3058 initiatis

153 3079 303 3143 0111111100.
330 3084 439 3144 dilectu
449 3089 503 3163 per'
514 3102 601 3144 omne
612 3084 761 3144 Samntum
774 3085 873 3143 habito
886 3100 958 3140 nova
974 3081 1054 3157 lege,
1070 3087 1110 3151 ut,
1122 3087 1139 3138 3

27 3231 28 3240 χ
77 3185 78 3189 ’
154 3166 203 3244 qui
225 3168 374 3226 iuniorum
396 3185 456 3228 non
478 3168 662 3229 convenisset
684 3167 721 3228 ad
745 3169 958 3245 imporatorum
984 3165 1111 3224 edictum

154 3251 261 3329 quique
286 3251 397 3310 iniussu
419 3249 540 3322 abisset,
570 3258 657 3329 caput
677 3251 737 3312 lori
759 3261 941 3318 sacraretur,
967 3249 1139 3308 0101011001

154 3337 249 3395 omnis
263 3335 448 3414 Aquiloniam
468 3345 512 3396 est
526 3334 673 3396 inductus.
703 3334 741 3395 ad
756 3335 948 3414 quadragiuta
960 3331 1038 3391 milia
1054 3332 1111 3392 mi-

154 3414 251 3491 litum,
278 3420 356 3500 quod
380 3419 496 3482 roboris
515 3422 547 3482 in
571 3419 690 3482 Samnio
711 3427 790 3491 erat,
816 3423 1026 3479 convenerunt.
1070 3413 1140 3476 thie
