2542 3956
210 139 273 200 364
370 151 465 194 ursan
478 149 569 193 xxru.
585 148 658 191 oar.
669 137 713 191 43.
728 137 771 190 44.
789 127 831 209 [a.
847 151 878 194 u.
895 152 921 194 e.
936 129 1003 212 5³9]

209 318 264 381 per
278 317 380 361 muros
394 297 579 360 inambulare
601 303 753 359 senatores
767 295 896 360 Nolanos
913 297 998 360 iussit
1018 305 1057 360 et
1083 303 1223 365 omnia

181 385 288 445 tenca
303 383 473 463 explorare,
490 401 565 462 quae
582 381 659 461 apud
675 381 775 442 hostes
794 381 908 446 tierent.
940 381 1041 444 erbis
1058 383 1217 458 Hanno,

210 486 278 529 cum
294 466 332 528 ad
343 485 461 528 murum
473 467 668 539 successisset,
674 465 855 528 Herennium
866 466 991 529 Bassum
1006 475 1038 529 et
1051 467 1214 530 Herium

210 551 337 612 Pettium
363 550 401 611 nd
429 549 617 630 conloquium
646 557 781 611 evocatos
806 551 1013 632 permissuque
1041 551 1212 614 Marcelli

49 699 55 704 ,
168 640 201 694 10
213 653 347 714 egressos
361 651 415 715 per
430 635 623 713 interpretem
640 633 816 713 adloquitur.
846 634 1019 698 Hannibalis
1035 636 1209 698 virtutem

210 719 417 798 fortunamque
433 717 560 789 extoHit3
579 717 680 800 populi
692 717 819 780 Romani
834 716 943 779 obterit
958 725 992 780 ut
1009 737 1208 782 senescen-

168 810 198 862 11
212 811 272 864 tem
301 821 369 864 cum
392 801 501 864 viribus
521 805 713 865 maiestatem.
754 820 831 884 quae
851 803 877 863 si
896 804 981 882 paria
1002 812 1138 874 essent,
1167 811 1208 864 ut

210 887 359 968 quondam
370 886 508 961 luissent,
527 893 626 947 tamen
640 885 783 964 expertis,
801 904 889 966 quam
900 904 990 965 grave
1003 887 1204 950 Romanurn
1231 951 1232 956 ,

209 972 368 1051 imperium
387 971 488 1039 sociis,
511 977 619 1048 quanta
635 969 816 1049 indulgentia
838 969 1010 1032 Hannibalis
1035 973 1142 1032 etiam
1162 974 1200 1030 in
1231 1013 1232 1016 ,

210 1056 339 1133 captivos
354 1055 450 1114 omnis
466 1051 560 1115 italici
574 1055 702 1115 nominis
719 1054 838 1124 luisset,
859 1053 1000 1115 Punicam
1016 1053 1196 1115 Romanae
1231 1051 1232 1056 ’

168 1139 384 1198 insacietatem
399 1144 487 1218 utque
503 1139 659 1200 amicitiam
679 1136 911 1219 praeoptandam
926 1155 1000 1198 csse.
1033 1137 1064 1198 si
1088 1136 1192 1198 ambo
1231 1167 1232 1170 ¹

210 1220 346 1282 consules
358 1239 425 1282 cum
436 1223 497 1284 suis
510 1221 688 1283 exercitibus
701 1221 738 1282 ad
750 1219 855 1283 Nolam
867 1228 979 1290 essent,
997 1229 1107 1282 tamen
1121 1237 1189 1282 uon
1231 1281 1232 1292 2

210 1307 303 1384 magis
317 1323 406 1386 pares
420 1305 578 1368 Hannibali
592 1306 722 1376 iuturus,
744 1323 831 1384 quam
849 1303 887 1366 ad
901 1304 1016 1367 Cannas
1035 1304 1187 1374 luissent,
1231 1377 1232 1380 Ἴ

209 1390 319 1451 nedum
336 1396 456 1469 praetor
471 1408 547 1451 unus
559 1408 626 1451 eum
640 1391 742 1470 paucis
767 1396 798 1449 et
811 1389 893 1450 novis
908 1387 1053 1449 militibus
1069 1387 1186 1450 Nolam
1231 1463 1232 1466 Ἴ

167 1479 199 1533 13
211 1474 301 1535 tutari
315 1475 416 1552 possit.
451 1475 583 1553 ipsorum
604 1491 692 1554 quam
712 1470 884 1536 Hannibalis
902 1473 1066 1543 interesse,
1090 1479 1183 1551 capta

209 1575 247 1618 an
262 1557 368 1618 tradita
384 1556 457 1619 Nola
470 1565 638 1636 poteretur:
661 1559 824 1636 potiturum
841 1557 935 1630 euim,
952 1563 985 1618 ut
999 1555 1103 1635 Capua
1115 1555 1180 1616 Nu·

210 1642 347 1720 eeriaque
362 1643 473 1721 potitus
488 1650 580 1710 esset;
593 1641 646 1702 sed
663 1641 732 1718 qnid
747 1642 826 1701 inter
843 1640 1007 1720 Capuaene
1022 1639 1176 1700 Nuceriae
1231 1649 1232 1678 ³

209 1723 357 1785 fortunam
378 1725 548 1794 interesset,
567 1725 646 1803 ipsos
665 1740 759 1804 prope
784 1725 817 1784 in
831 1723 929 1786 medio
952 1725 1024 1785 sitos
1039 1720 1176 1784 Nolanos
1231 1729 1232 1738 ’

167 1807 296 1867 lascire.
333 1804 412 1866 nolle
426 1807 566 1877 ominari,
590 1825 665 1887 quaa
681 1815 783 1887 captae
799 1806 868 1868 urbi
885 1825 990 1870 casura
1005 1807 1120 1876 forent,
1143 1813 1174 1866 et
1231 1825 1232 1832 ¹

207 1891 305 1971 polius
321 1890 483 1970 spondere,
507 1892 533 1952 si
553 1890 725 1952 Marcellum
749 1909 816 1952 cum
837 1890 986 1972 praesidio
1010 1909 1045 1952 ac
1063 1888 1170 1952 Nolam

208 1974 412 2046 tradidissent,
436 1977 584 2036 neminem
604 1974 693 2036 alium
717 1994 805 2055 quam
827 1977 909 2055 ipsos
929 1975 1037 2055 legem,
1060 1975 1167 2053 quain

208 2059 379 2121 societatem
402 2060 619 2139 amicitiamque
639 2059 811 2121 Hannibalis
831 2060 981 2130 renuent,
1009 2058 1164 2119 dicturum.
1231 2055 1232 2060 ’

181 2141 303 2204 lllLlV.
334 2142 379 2203 dd
404 2161 438 2203 ea
452 2142 620 2205 Herennius
636 2143 743 2205 Bassus
777 2143 946 2223 respondit,
983 2141 1090 2204 multos
1111 2158 1163 2204 an·
1231 2195 1232 2214 2

208 2245 263 2288 nos
284 2229 343 2288 iam
364 2228 442 2288 inter
463 2227 629 2290 Romanum
651 2227 855 2308 Nolanumque
880 2226 1022 2308 populum
1044 2227 1163 2289 amiciti·
1231 2251 1232 2300 3

209 2329 256 2372 am
274 2329 354 2381 esse,
377 2313 459 2372 ouius
479 2318 602 2373 neutros
623 2312 660 2372 ad
679 2330 744 2373 eam
763 2311 840 2372 diem
857 2313 1024 2390 paenitere,
1046 2318 1075 2372 et
1096 2309 1159 2380 sibi,
1231 2343 1232 2366 2

207 2396 233 2455 si
249 2413 315 2456 cum
331 2395 449 2456 fortuna
462 2396 601 2458 mutanda
613 2396 686 2457 fides
701 2395 803 2466 inerit,
821 2412 888 2457 sero
900 2397 959 2456 iarn
971 2413 1036 2457 esse
1050 2395 1158 2456 mutare

179 2486 282 2540 team.
320 2496 362 2540 un
376 2478 519 2541 dedituris
538 2498 570 2541 se
584 2478 742 2541 Hannibali
762 2480 852 2542 luisse
875 2477 1083 2542 accersendum
1101 2477 1156 2540 llo·
1231 2543 1232 2546 ,

208 2581 364 2626 manorum
381 2564 576 2645 praesidium?
607 2581 674 2626 cum
690 2565 740 2636 iis,
765 2566 817 2643 qui
838 2564 874 2626 ad
889 2582 954 2626 sese
976 2563 1095 2625 tuendos
1108 2581 1154 2622 ve·
1231 2623 1232 2628 ,

208 2649 335 2718 cissent,
351 2649 449 2709 ornnia
464 2647 520 2708 sibi
536 2656 566 2709 et
579 2666 642 2710 csse
655 2649 821 2711 consociata
836 2656 865 2710 et
886 2649 922 2710 ad
940 2647 1070 2710 ultImum
1084 2646 1149 2708 iore.

178 2734 196 2786 a
268 2731 331 2791 Hoc
348 2731 536 2811 conloquium
550 2731 671 2795 abstulit
683 2751 766 2812 spenr
779 2731 936 2794 Hannibali
952 2751 1007 2811 per
1021 2730 1147 2811 proditio·
1231 2795 1232 2798 Ἴ

208 2829 278 2872 nem
292 2815 480 2892 recipiendae
495 2815 601 2885 Nolae;
625 2818 723 2896 itaque
745 2835 854 2880 corona
878 2817 1018 2897 oppidum
1037 2816 1145 2876 ebrum·

180 2895 303 2968 adedit,
316 2904 349 2958 ut
364 2895 451 2956 simul
459 2895 496 2957 ab
508 2899 589 2956 omni
603 2905 688 2974 parte
701 2903 816 2961 moenia
829 2901 1046 2980 adgrederetur.
1068 2915 1145 2978 quem
1231 2903 1232 2974 j

210 2989 241 3044 ut
248 2981 416 3044 successisse
427 2981 519 3042 muris
530 2979 686 3041 Marcellus
697 2983 782 3056 vidit,
799 2987 941 3047 instructa
957 2985 1032 3045 intra
1044 2989 1143 3062 portam

209 3067 272 3127 acie
294 3084 361 3128 oum
382 3082 488 3144 magno
511 3064 636 3128 tumultu
658 3067 763 3144 erupit.
802 3068 911 3148 aliquot
933 3069 1027 3148 primo
1047 3069 1142 3146 impetu

208 3149 338 3229 perculsi
352 3149 487 3228 caesique
503 3157 584 3221 sunt,
608 3149 676 3212 dein
692 3168 839 3214 concursu
859 3153 896 3214 ad
915 3152 1064 3233 pugnantis
1076 3151 1140 3212 lacto

208 3236 397 3312 aequatisque
411 3233 522 3296 viribus
536 3241 619 3297 atrox
634 3253 698 3296 esse
710 3237 807 3317 coepit
821 3255 935 3316 pugna;
949 3233 1139 3298 memorabilis·

209 3335 266 3393 que
289 3319 366 3378 inter
386 3335 494 3396 paucas
515 3317 632 3392 luisset,
660 3321 691 3380 ni
711 3319 878 3400 ingentibus
898 3319 1033 3400 procellis
1050 3320 1138 3380 effusus

178 3398 304 3458 cimber
328 3401 493 3462 diremisset
518 3404 683 3482 pugnantis.
727 3421 762 3465 eo
791 3404 839 3465 die
866 3405 1021 3466 commisso
1042 3401 1135 3463 modico
