2532 3938
342 222 436 263 umus
450 223 505 266 vn.
526 221 594 263 ean.
615 209 658 263 30.
676 201 715 284 [a.
733 203 768 265 Ο.
783 201 845 286 343]
1033 211 1072 273 31

116 370 302 447 humanaque
317 367 430 446 indigni
443 368 602 430 videamur.
633 387 730 449 neque
744 370 882 442 hercule,
899 371 977 452 quod
989 373 1104 434 Sam-s

116 455 193 514 nites
209 454 325 531 priores
340 453 428 513 amici
451 454 580 532 sociique
595 453 678 514 vohis
695 455 763 515 lacti
779 463 859 526 sunt,
880 455 960 516 adid
977 456 1074 518 valere

116 535 259 607 arbitror,
276 554 314 598 ne
331 553 385 595 nos
401 537 432 595 in
442 537 599 598 amicitiam
614 539 807 616 accipiamur,
823 537 875 598 sed
886 546 919 599 ut
931 548 1074 600 vetustate

116 627 146 680 et
173 618 267 697 gradu
295 620 418 680 honoris
442 637 496 680 nos
525 629 691 700 praestent:
720 639 817 700 neque
843 624 921 682 enim
952 617 1073 685 foedere

115 703 305 774 Samnitium,
326 721 436 781 nequa
456 721 531 764 nora
549 707 711 783 iungeretis
729 705 863 776 foedera,
886 714 1002 767 cautum
1020 716 1073 767 est.

114 787 169 848 luit
190 787 308 866 quidem
330 786 409 865 apud
422 805 474 846 ros
495 805 614 867 semper
633 791 702 849 satis
722 791 796 850 iusta
812 808 898 850 causa
919 791 1105 861 amicitiae,t>

115 869 191 930 velle
212 889 279 932 eum
294 869 375 930 vobis
395 870 523 932 amicum
548 890 627 941 esse,
650 874 702 951 qui
721 891 773 934 vos
792 881 958 952 appeteret·
990 873 1106 935 Cam-d

115 954 199 1033 pani,
215 955 269 1014 etsi
283 956 400 1016 fortuna
415 973 557 1034 praesens
571 957 724 1033 magnifice
739 954 819 1035 loqui
835 955 986 1033 prohihet,
1012 975 1073 1018 non

114 1036 198 1098 urbis
213 1036 419 1117 amplitudine,
440 1057 500 1098 non
516 1041 580 1116 agri
594 1039 729 1101 ubertate
749 1040 801 1100 ulli
817 1039 926 1118 populo
941 1047 1073 1119 praeter·

115 1139 207 1202 quam
230 1122 312 1182 vohis
330 1122 485 1193 cedentes,
509 1122 586 1183 haud
608 1141 711 1201 parva,
734 1132 767 1184 ut
780 1123 924 1194 arbitror,
945 1126 1073 1185 accessio

114 1205 201 1272 honis
214 1205 304 1267 rebus
317 1206 423 1267 vestris
436 1208 467 1265 in
479 1208 636 1266 amicitiam
652 1209 785 1268 venimus
799 1216 936 1268 vestram.
967 1207 1075 1286 Aequis
1085 1217 1102 1251 -r

114 1287 299 1369 Volscisque,
317 1291 444 1350 aeternis
458 1289 591 1350 hostibus
605 1291 692 1352 huius
709 1292 806 1360 urbis,
829 1291 1074 1371 quandocumque

114 1391 148 1434 se
170 1375 329 1444 moverint,
360 1373 397 1433 ab
424 1381 508 1451 tergo
533 1375 642 1434 erimus
663 1384 707 1444 et,
729 1374 808 1453 quod
831 1392 881 1435 vos
900 1391 955 1451 pro
980 1373 1074 1434 salute

116 1463 217 1518 nostra
231 1458 347 1534 priores
361 1457 505 1527 feceritis,
522 1456 552 1517 id
564 1476 618 1517 nos
626 1477 683 1536 pro
693 1459 819 1536 imperio
830 1465 927 1518 vestre
939 1464 969 1516 et
980 1456 1074 1534 gloria

116 1558 235 1618 semper
253 1541 403 1601 faciemus.
436 1540 565 1602 subactis
586 1543 632 1602 his
652 1541 802 1620 pentibus,
829 1559 904 1620 quae
925 1543 1003 1602 inter
1021 1548 1105 1600 ncs8

117 1642 225 1703 vosque
241 1630 322 1694 sunt,
339 1623 417 1702 quod
432 1643 526 1703 prope
548 1625 626 1686 diem
640 1626 773 1686 futurum
788 1625 914 1703 spondet
929 1631 958 1684 et
981 1625 1074 1685 virtus

116 1714 147 1769 ct
159 1708 278 1769 lonuna
289 1716 399 1777 restra,
416 1710 571 1770 continens
584 1710 742 1788 imperium
757 1726 850 1788 usque
864 1708 901 1768 ad
913 1726 968 1768 nos
982 1706 1073 1768 habe-

56 1787 61 1798 '
115 1791 193 1852 hius.
224 1791 364 1852 acerbum
380 1809 414 1852 ae
428 1793 569 1853 miserum
592 1801 649 1864 est,
673 1792 751 1872 quod
773 1793 859 1853 lateri
880 1811 934 1852 nos
954 1793 1102 1853 fortunae

116 1883 218 1936 nostra
236 1877 328 1954 cogit:
358 1893 393 1936 eo
414 1883 533 1936 rentum
554 1885 614 1946 est,
640 1885 739 1955 patres
766 1877 938 1955 conscripti,
965 1884 997 1936 ut
1025 1884 1075 1936 aut

117 1960 278 2020 amicorum
294 1968 344 2020 aut
363 1959 552 2021 inimicorum
568 1960 709 2041 Campani
728 1961 828 2021 cimus.
865 1960 891 2018 si
906 1958 1071 2030 defenditis,
1083 1967 1119 2018 10

116 2043 218 2114 resmi,
241 2043 435 2113 sideseritis,
461 2043 634 2106 Samnitium
654 2046 777 2113 erimus;
801 2044 931 2122 Capuam
953 2051 1074 2120 ergoet

120 2127 308 2206 Campaniam
329 2145 446 2187 omnem
467 2129 572 2188 vestris
592 2147 629 2190 au
651 2129 826 2190 Samnitium
853 2125 963 2187 viribus
990 2143 1073 2186 acee-

117 2210 189 2270 dere
204 2209 325 2281 malitis,
348 2209 518 2272 deliberate.
550 2211 686 2272 omnibus
707 2210 841 2290 quidem,
863 2210 1003 2278 Romani,
1024 2227 1073 2270 ve·
1087 2218 1114 2268 ll

116 2301 208 2354 stram
235 2294 467 2355 miscricordiam
496 2301 684 2374 vestrumque
714 2292 851 2354 auxilium
879 2309 1005 2370 aequum
1031 2300 1074 2352 est

116 2385 232 2456 patere,
252 2379 289 2438 iis
304 2385 401 2438 tamen
415 2379 557 2447 maxime,
579 2379 644 2456 qui,
669 2377 756 2438 fidem
774 2374 989 2454 inplorantibus
1009 2374 1074 2434 aliis

116 2459 257 2521 auxilium
273 2460 341 2522 dum
358 2479 447 2541 supra
461 2463 538 2522 sires
552 2479 619 2523 suas
632 2470 796 2541 praestant,
814 2465 884 2520 ante
898 2475 1001 2519 omnes
1018 2458 1074 2536 ipsi

115 2546 148 2605 in
165 2543 241 2605 hauc
262 2546 466 2608 necessitatem
484 2553 638 2608 venerunt.
680 2561 856 2624 quamquam
878 2541 1071 2621 pugnavimus
1083 2550 1118 2600 12

116 2627 207 2688 verbo
218 2644 273 2707 pro
285 2629 431 2698 Sidicinis,
446 2648 546 2708 repro
557 2628 650 2700 nohis,
663 2647 729 2690 cum
741 2628 907 2688 videremus
918 2624 1074 2686 finitimum

115 2711 258 2791 populum
275 2712 388 2774 nelario
403 2711 556 2774 latrocinio
571 2713 745 2774 Samnitium
761 2712 821 2788 peti
837 2717 879 2781 et,
896 2708 948 2770 ubi
965 2709 1073 2770 conda·
1159 2719 1162 2723 ’

117 2803 252 2873 grassant
262 2796 399 2868 Sidicini,
416 2795 452 2856 ad
464 2815 518 2857 nos
533 2799 722 2857 traiecturum
734 2794 805 2856 illud
816 2794 986 2856 incendium
999 2811 1072 2854 esse.

117 2895 173 2939 nec
189 2880 268 2940 enim
283 2897 376 2949 nunc,
398 2881 467 2959 quia
483 2878 583 2940 dolent
599 2881 735 2941 iniuriam
753 2887 902 2956 acceptam
916 2879 1070 2948 Samnites,
1084 2883 1121 2936 lt

117 2960 169 3020 sed
184 2963 251 3040 quia
267 2962 396 3040 gaudent
417 2961 545 3023 oblatam
565 2963 621 3024 sibi
639 2983 703 3024 esse
719 2981 851 3032 causam,
872 2970 1073 3041 oppugnatum

119 3060 173 3104 nos
187 3046 317 3106 veniunt.
348 3064 401 3115 an,
422 3049 448 3107 si
462 3045 534 3107 ultio
557 3049 619 3108 irae
643 3047 717 3107 haec
739 3054 769 3107 et
786 3065 845 3106 non
861 3049 975 3108 occasio
992 3045 1073 3120 cupi·
1084 3050 1118 3101 lt

117 3124 217 3187 ditatis
233 3126 393 3206 explendae
410 3138 500 3201 esset,
523 3149 627 3210 parum
653 3132 722 3201 tuit,
743 3129 821 3208 quod
843 3129 934 3190 semel
949 3131 985 3196 in¹
997 3126 1073 3187 Sidi·

117 3210 186 3272 cino
201 3227 288 3288 agro,
303 3212 410 3272 iterum
424 3215 454 3274 in
468 3214 626 3293 Campania
640 3217 703 3292 ipsa
718 3211 851 3290 legiones
866 3221 981 3273 nostras
996 3210 1072 3270 ccci·

117 3293 211 3356 derel
241 3313 317 3375 quae
335 3303 379 3356 est
394 3298 447 3359 ista
462 3305 521 3358 tam
537 3298 642 3358 infesta
657 3300 717 3366 ira,
737 3313 825 3375 quam
840 3314 896 3374 per
909 3295 981 3355 duas
996 3293 1072 3352 acies
1083 3299 1120 3352 it>

117 3377 201 3439 lusus
213 3379 333 3456 sanguis
348 3379 466 3460 explere
480 3399 538 3442 non
562 3380 706 3460 potuerit?
737 3378 812 3439 adde
831 3379 889 3440 huc
909 3376 1072 3458 populatio-

117 3479 187 3524 nem
207 3479 361 3542 agrorum,
390 3464 515 3542 praedas
534 3465 686 3526 hominum
707 3473 794 3543 atque
817 3464 963 3543 pecudum
984 3467 1072 3530 actas,
