2546 3936
321 219 415 260 arsen
430 221 473 260 rx.
490 219 557 262 oar.
576 208 616 259 11.
633 208 674 260 12.
691 197 731 282 [a.
749 201 784 264 Ο.
802 200 864 283 320]
1013 209 1073 272 105

112 377 141 430 et
163 384 282 445 semper
305 364 430 446 aliquam
454 366 551 426 fraudi
573 369 702 446 speciem
728 367 801 428 iuris
826 369 976 446 inponitis.
1015 379 1103 432 nonu

111 449 219 532 probat
237 450 364 530 populus
380 451 529 510 ltomanus
547 452 743 528 ignominiosa
764 469 837 531 pace
863 451 994 530 legiones
1009 472 1071 514 ser·

111 534 208 596 vetas?
228 551 332 612 pacem
353 532 409 592 sibi
428 533 549 603 habeat,
585 533 717 612 legiones
738 542 837 613 captas
863 537 967 595 victori
987 539 1072 596 resti·

110 626 186 679 tuat:
204 618 261 678 hoc
278 617 350 687 fide,
367 616 424 676 boc
445 615 628 688 foederibus,
643 618 701 678 boc
722 617 868 679 fetialibus
886 620 1073 682 caerimoniis

110 702 232 780 dignum
256 709 328 762 erat.
371 700 540 784 utquidem
561 708 594 761 tu
613 701 692 780 quod
713 702 812 780 petisti
831 721 885 781 per
907 704 1105 782 pactionemn

110 784 234 855 habeas,
259 792 303 844 tot
324 785 401 844 cives
415 783 592 855 incolumes,
614 803 669 862 ego
688 803 804 864 pacem,
832 804 920 865 quam
945 787 1000 847 hos
1021 787 1073 848 tibi

109 868 287 929 remittendo
312 875 415 947 pactus
435 885 515 938 sum,
543 885 604 927 non
629 866 768 938 habeam,
791 867 848 928 hoc
874 876 922 940 tu,
945 871 979 930 A.
999 871 1071 932 Gor·

111 950 185 1022 neli,
209 952 266 1012 hoc
289 969 352 1019 ros,
380 949 512 1021 fetiales,
536 953 610 1012 iuris
631 951 767 1030 gentibus
788 951 902 1013 dicitisl
925 971 978 1031 ego
1001 966 1070 1014 vero

109 1036 195 1105 istos,
217 1053 290 1114 quos
304 1034 372 1095 dedi
385 1035 536 1102 simulatis,
556 1053 611 1095 nec
629 1037 742 1114 accipio
764 1053 820 1096 uec
842 1037 908 1098 dedi
928 1037 1066 1106 arbitror,
1082 1044 1115 1098 tt*

109 1137 165 1180 nec
182 1137 297 1188 moror,
320 1137 378 1197 quo
400 1120 497 1178 minus
512 1120 543 1178 iu
562 1119 708 1178 civitatem
729 1117 886 1197 obligatam
914 1122 1071 1200 sponsione

109 1204 265 1264 commissa
287 1204 370 1262 iratis
399 1201 535 1262 omnibns
556 1202 626 1272 diis,
653 1220 778 1281 quorum
800 1203 928 1264 cluditur
949 1222 1069 1275 numen,

108 1287 242 1347 redeant.
282 1288 375 1364 gerite
404 1285 530 1355 bellum,
557 1285 674 1364 quando
704 1287 754 1365 Sp.
788 1287 955 1348 Postumius
981 1288 1068 1348 modo
1081 1293 1109 1348 11

109 1369 239 1448 legatum
265 1368 394 1430 fetialem
423 1387 501 1446 genu
523 1367 658 1448 perculit.
707 1370 747 1430 ita
770 1368 810 1428 dii
837 1370 960 1431 credent
986 1372 1069 1431 Sam·

109 1456 201 1514 nitem
217 1456 309 1514 civem
324 1453 522 1522 Postumium,
548 1471 607 1513 nou
632 1453 725 1513 civem
751 1452 915 1514 Romanum
938 1472 1016 1524 esse,
1043 1462 1072 1514 et

109 1556 126 1597 a
143 1538 273 1598 Samnite
293 1537 423 1615 legatum
443 1537 608 1597 Romanum
626 1535 779 1598 violatum:
802 1555 837 1596 eo
859 1536 941 1598 vohis
961 1541 1069 1600 iustum

108 1623 140 1682 in
156 1639 209 1680 nos
225 1622 331 1682 lactum
351 1639 414 1681 esse
432 1619 550 1681 bellum.
584 1620 658 1681 haec
671 1619 799 1681 ludibria
814 1619 990 1699 religionum
1007 1639 1066 1682 nou
1082 1627 1113 1678 12

108 1703 221 1785 pudere
237 1705 267 1764 ln
283 1705 379 1765 lucem
402 1705 553 1784 prolerre,
578 1713 607 1766 et
622 1706 669 1764 vix
690 1707 800 1783 pueris
811 1705 914 1783 dignas
931 1705 1070 1784 ambages

108 1806 196 1849 senes
217 1807 250 1848 ac
271 1788 441 1849 consulares
460 1788 605 1848 fallendae
627 1788 696 1848 ndei
718 1789 886 1866 exquirere!
923 1791 947 1859 i,
969 1790 1065 1858 lictor,
1080 1795 1112 1848 lt

109 1874 196 1933 deme
212 1871 305 1932 vincla
323 1873 477 1941 Romanis;
495 1880 626 1932 moratus
643 1874 796 1942 dinemo,
813 1891 871 1952 quo
889 1875 1001 1944 minuS,
1018 1872 1069 1934 ubi

108 1956 202 2016 risum
218 1955 320 2026 luerit,
343 1957 481 2018 abeant.“
514 1964 543 2016 et
565 1955 608 2015 illi
624 1955 741 2034 quidem
758 1955 880 2016 forsitan
896 1964 926 2016 et
940 1955 1068 2036 publica,

108 2057 162 2100 sua
175 2045 254 2099 certe
277 2039 399 2107 liberata
421 2040 478 2100 lide
494 2039 529 2100 ab
546 2039 655 2101 Caudio
671 2041 703 2098 in
720 2047 814 2100 castra
828 2040 960 2100 Romana
974 2041 1067 2099 invio·

108 2123 160 2184 lati
180 2123 342 2184 redierunt.
386 2123 449 2184 llll.
482 2123 661 2184 Samnitibus
682 2139 736 2201 pro
757 2123 885 2201 superba
906 2143 979 2202 pace
993 2123 1094 2183 inle·1

108 2208 269 2268 stissimum
283 2207 471 2269 cernentibus
481 2216 617 2268 renatum
629 2205 736 2266 bellum
747 2207 859 2276 omnia,
877 2225 952 2286 quae
963 2207 1069 2267 deinde

110 2297 282 2365 evenerunt,
298 2309 357 2352 non
372 2293 522 2352 inanimis
537 2289 649 2360 solum,
665 2289 718 2350 sed
734 2307 828 2367 prope
843 2291 875 2348 in
890 2290 981 2350 oculis
995 2307 1068 2359 esse,
1082 2300 1099 2349 2

110 2383 141 2435 et
155 2391 230 2434 sero·
245 2393 280 2434 ac
301 2376 477 2454 nequiquam
500 2373 621 2435 laudare
642 2374 720 2433 senis
733 2373 829 2432 Pontii
853 2381 977 2452 utraque
1000 2391 1069 2434 con·

109 2457 188 2528 silia,
210 2460 290 2518 inter
305 2475 380 2538 quae
395 2477 427 2518 se
452 2457 548 2518 media
570 2457 667 2537 lapsos
691 2457 829 2517 victoriae
853 2458 1070 2536 possessionem

109 2559 184 2622 pace
210 2543 324 2602 incerta
346 2550 489 2612 mutasse,
513 2550 542 2602 et
556 2541 692 2603 beneficii
714 2549 743 2602 et
762 2539 898 2600 maleficii
915 2540 1089 2601 occasione

110 2625 220 2686 amissa
234 2633 418 2705 pugnaturos
433 2645 500 2686 cum
520 2627 574 2696 eis,
591 2643 664 2704 quos
679 2625 829 2703 potuerint
845 2625 877 2684 in
893 2629 1070 2704 perpetuum

109 2706 157 2769 vel
172 2709 310 2771 immicos
325 2708 430 2770 tollere
443 2709 490 2770 rel
506 2711 616 2769 amicos
632 2709 739 2769 lacere.
768 2707 900 2787 adeoque
918 2707 1069 2768 nullodum
1082 2716 1099 2768 3

110 2795 271 2852 certamine
291 2793 439 2853 inclinatis
460 2791 571 2851 viribus
592 2800 660 2869 post
676 2792 836 2854 Caudinam
858 2809 962 2871 pacem
980 2793 1071 2852 animi

109 2883 309 2946 mutaverant,
318 2884 352 2936 ut
358 2875 513 2936 clariorem
528 2876 605 2934 inter
611 2874 759 2936 Romanos
772 2875 1070 2937 deditioPostumium

111 2975 199 3036 quam
218 2960 354 3020 Pontium
374 2960 529 3020 incruenta
555 2959 674 3018 victoria
693 2959 771 3019 inter
786 2960 933 3020 Samnites
948 2959 1069 3028 laceret,

111 3042 220 3117 otgeri
240 3059 326 3120 posse
344 3042 452 3102 bollum
470 3042 595 3102 Romani
610 3059 664 3121 pro
686 3043 807 3101 victoria
823 3051 903 3102 certa
917 3041 1097 3109 haberentt

111 3124 257 3185 Samnites
277 3125 364 3186 simul
386 3125 544 3186 rebellasse
560 3133 590 3186 et
605 3125 707 3184 vicisse
722 3124 881 3184 crederent
894 3124 1068 3185 Romanum.

173 3206 254 3268 Inter
271 3207 344 3268 haec
359 3209 503 3270 Satricani
525 3209 560 3269 ad
577 3208 723 3267 Samnites
744 3205 932 3276 deiecerunt,
955 3214 984 3266 et
998 3206 1098 3266 Fre-o

109 3291 203 3371 gellae
219 3291 333 3352 colonia
350 3295 523 3372 necopinato
546 3292 671 3352 adventu
688 3290 863 3350 Samnitium
880 3323 919 3334 -
935 3289 1025 3350 inisse
1042 3297 1071 3350 et

110 3377 281 3438 Satricanos
305 3395 371 3437 cum
391 3379 427 3437 iis
449 3379 519 3436 satis
540 3381 656 3436 constat
681 3407 720 3420 -
746 3379 832 3432 nocte
853 3382 995 3451 occupata
1016 3381 1069 3435 est.

110 3461 198 3521 timor
215 3460 286 3521 inde
301 3466 421 3523 mutuus
440 3468 581 3539 utrosque
603 3475 696 3538 usque
719 3455 756 3517 ad
780 3455 876 3517 lucem
900 3459 1015 3537 quietos
1028 3465 1071 3518 te·
