2542 3956
306 214 486 257 urannxxn.
500 193 778 276 caedebatque.
793 197 853 278 216]
999 203 1060 265 309

99 379 219 423 venere.
261 380 312 424 eos
336 379 439 423 omues
456 361 596 422 Venusini
616 380 670 440 per
690 361 814 424 familias
834 362 961 444 benigue
979 369 1086 429 acci-2

96 445 225 525 pieudos
245 445 448 526 curandosque
464 464 531 506 cum
554 445 732 518 divisissent,
752 449 783 506 io
801 447 930 524 singulos
946 453 1058 530 equites

97 538 183 608 togas
198 538 229 591 et
243 531 355 592 tunicas
370 537 399 590 et
414 530 601 609 quadrigatos
622 547 757 592 nummos
778 532 883 610 quinos
895 534 1013 595 dcenos
1029 544 1058 597 ct
1124 594 1125 602 ,

95 613 192 692 pediti
209 614 316 684 denos,
331 621 361 674 et
377 632 459 675 arma
470 613 575 694 quibus
590 612 713 675 deerant
723 615 881 686 dederunt,
900 623 1083 698 ceteraquet

95 697 218 776 publice
234 716 269 760 ac
281 699 416 777 privatim
435 697 619 776 hospitaliter
635 699 725 769 lacta,
748 707 963 779 certatumque,
985 719 1056 764 nea

96 779 225 841 muliere
247 783 391 844 Canusina
414 781 540 862 populus
561 782 726 843 Venusinus
750 782 853 844 ciliciis
879 786 1056 852 vinceretur.

94 865 151 926 sed
168 867 284 943 gravius
299 884 373 926 onus
388 866 483 927 Busae
498 864 653 927 multitudo
674 864 813 936 iaciebat,
835 869 938 927 etiam
953 869 990 929 ad
1006 869 1085 930 rie-e

95 967 164 1010 cem
178 949 257 1010 milia
272 950 424 1010 hominum
437 957 535 1032 eraut,
550 951 717 1030 Appiusque
734 957 762 1012 et
777 951 884 1029 Scipio,
900 959 1083 1032 postquame

94 1033 277 1094 incolumem
298 1051 361 1094 esse
382 1033 507 1095 alterum
529 1033 680 1094 consulem
701 1041 893 1113 acceperunt,
920 1037 1056 1098 nuntium

94 1115 244 1195 extempio
273 1119 406 1187 mittunt,
438 1125 564 1198 quantae
588 1135 689 1178 secum
710 1117 841 1198 peditum
866 1120 1055 1200 equitumque

94 1203 198 1279 copiae
216 1209 330 1272 essent,
348 1203 585 1281 sciscitatumque
600 1199 700 1271 simul,
717 1208 815 1262 utrum
833 1201 988 1265 Venuslam
1004 1204 1055 1265 ad·

94 1282 165 1345 duci
181 1286 342 1346 exercitum
354 1303 390 1346 an
406 1303 527 1346 manere
541 1284 657 1345 iuberet
667 1284 794 1346 Canusii.
823 1287 915 1346 Varro
926 1287 989 1366 ipse
1001 1288 1083 1349 Cae-o

94 1369 214 1428 nusium
230 1369 329 1446 copias
350 1368 487 1430 traduxit.
523 1375 553 1429 et
573 1371 632 1428 iam
654 1366 751 1448 aliqua
764 1370 877 1449 species
893 1369 1055 1432 consularis

95 1453 244 1512 exercitus
260 1458 337 1521 erat,
354 1450 566 1532 moenibusque
581 1471 612 1512 se
632 1460 728 1521 certe,
756 1453 811 1513 etsi
831 1470 891 1513 oon
913 1455 1002 1514 armis
1018 1454 1054 1514 ab

94 1535 181 1596 hoste
201 1534 375 1606 ridebantur
391 1535 551 1599 defensuri.

160 1618 334 1680 Romamne
349 1619 403 1680 has
418 1620 538 1698 quidem
552 1619 691 1698 reliquias
705 1637 861 1698 superesse
883 1621 989 1680 civium
1007 1629 1082 1682 sot

94 1702 283 1783 ciorumque,
302 1703 354 1764 sed
368 1703 520 1764 occidione
535 1705 664 1765 occisum
680 1722 746 1767 eum
761 1705 929 1766 consulibus
940 1703 1055 1766 duobus

95 1788 258 1848 exercitum
273 1786 442 1867 deletasque
460 1806 563 1849 omnes
578 1789 677 1867 copias
692 1785 821 1849 adlatum
835 1788 940 1849 luerat.
969 1796 1083 1849 num-8

94 1888 183 1948 quam
199 1869 275 1931 salva
291 1871 365 1932 urbe
380 1878 492 1933 tantum
504 1873 620 1951 pavoris
635 1870 834 1950 tumultusque
845 1873 922 1933 intra
938 1873 1054 1934 moenia

94 1953 227 2015 Romana
243 1953 305 2015 luit.
339 1956 437 2035 itaque
459 1955 648 2016 succumbam
664 1954 761 2025 oneri,
783 1971 879 2033 neque
898 1955 1054 2033 adgrediar

94 2055 232 2107 narrare,
249 2057 323 2118 quae
339 2039 540 2100 edissertando
555 2040 671 2100 minora
690 2055 760 2098 vero
782 2037 896 2099 faciam.
933 2039 1082 2099 consulet

95 2122 285 2200 exercituque
299 2123 335 2183 ad
348 2123 583 2183 Trasumennum
598 2123 698 2200 priore
711 2139 789 2181 anno
804 2123 911 2182 amisso
922 2139 980 2183 non
991 2121 1053 2183 vul·

95 2221 167 2274 utu,
189 2205 241 2266 sed
263 2202 416 2285 multiplex
441 2203 555 2275 clades,
584 2223 651 2264 cum
673 2203 787 2266 duobus
808 2204 976 2266 consulibus
996 2206 1053 2267 duo

96 2287 265 2348 consulares
287 2289 431 2349 exereitus
458 2289 558 2351 amissi
580 2288 803 2360 nuntiabantur,
831 2307 886 2349 nec
909 2288 967 2349 ulla
995 2289 1053 2350 iam

96 2379 192 2432 castra
205 2371 337 2433 Romana
357 2388 413 2433 nec
434 2372 539 2433 ducem
561 2390 617 2433 nee
640 2372 763 2434 militem
779 2389 857 2441 esse;
881 2371 1052 2434 Hannibalis
1064 2379 1096 2431 10

95 2453 244 2534 Apuliam,
267 2456 419 2516 Samnium
440 2474 474 2517 ac
495 2457 553 2518 iam
574 2473 668 2536 prope
689 2462 779 2517 totam
801 2455 913 2518 ltaliam
935 2455 1052 2516 laetam.

96 2537 175 2599 nulla
189 2538 325 2617 prolecto
337 2539 392 2601 alia
402 2556 476 2618 gens
487 2546 568 2602 tante
580 2539 658 2601 mole
671 2539 762 2602 cladis
773 2558 833 2600 uon
848 2539 953 2601 obruta
966 2546 1052 2600 esset.

96 2639 249 2700 compares
257 2621 368 2684 cladem
380 2623 416 2684 ad
424 2625 539 2703 Aegatis
546 2622 657 2686 insulas
668 2624 951 2702 Carthaginiensium
966 2629 1095 2703 prce-11

96 2705 135 2766 lio
151 2706 245 2767 navali
262 2716 428 2787 acceptam,
443 2727 499 2788 qua
515 2707 600 2769 fracti
615 2706 713 2769 Sicilia
729 2726 763 2769 ac
778 2707 912 2768 Sardinia
928 2724 1053 2778 cessere,

94 2790 164 2851 inde
181 2790 328 2870 vectigalis
344 2810 377 2852 ac
389 2792 595 2871 stipendiarios
609 2793 674 2854 lieri
685 2809 717 2852 se
731 2794 809 2871 passi
824 2802 900 2862 sunt,
914 2799 964 2852 aut
980 2807 1053 2871 pug-

96 2892 163 2935 nam
179 2876 331 2937 adversam
346 2878 377 2937 in
390 2876 502 2947 Africa,
518 2878 565 2938 cui
575 2883 677 2957 postea
692 2876 740 2938 hic
755 2877 817 2956 ipse
832 2873 977 2936 Hannibal
988 2893 1054 2936 suo·

96 2957 210 3018 cubuit:
228 2959 308 3021 nulla
321 2979 356 3021 cx
369 2969 452 3040 parte
464 2960 670 3042 conparandae
683 2967 758 3031 suut,
768 2961 834 3020 'nisi
849 2959 927 3039 quod
939 2961 1054 3020 minore

97 3041 194 3102 animo
208 3040 283 3102 latae
298 3052 374 3104 sunt.

159 3123 217 3185 LV.
259 3125 292 3185 P.
316 3125 422 3188 Furius
444 3126 545 3188 Philus
577 3135 605 3187 et
631 3127 669 3187 bl.
692 3127 872 3203 Pomponius
905 3128 1080 3201 praetoresl

97 3215 230 3270 senatum
256 3209 288 3268 io
315 3210 426 3268 curiam
448 3208 600 3269 llostiliam
630 3215 823 3278 rocaverunt,
852 3215 884 3268 ut
911 3206 947 3266 de
972 3204 1054 3266 urbis

97 3292 230 3354 custodia
247 3290 450 3354 consulerent:
467 3309 563 3371 neque
579 3293 656 3352 enirn
669 3291 840 3353 dubitabant
857 3289 959 3352 deletis
971 3296 1084 3349 exer-²

98 3377 204 3438 citibus
214 3374 329 3436 hostem
346 3376 382 3436 ad
397 3374 624 3455 oppugnandam
635 3377 773 3444 Romam,
788 3375 867 3454 quod
879 3392 969 3434 arnum
981 3390 1053 3452 opus

98 3459 168 3522 belli
182 3466 322 3531 restaret,
339 3467 505 3522 venturum.
543 3476 609 3520 oum
631 3460 661 3518 in
681 3458 764 3519 malis
778 3460 863 3519 sicuti
877 3456 1082 3538 ingentibust
