2538 3946
204 211 269 274 234
381 225 475 267 ureae
490 224 555 266 xx1.
572 223 639 266 oar.
654 210 698 265 35.
715 210 760 264 36.
776 201 816 284 [e.
831 225 862 265 u.
879 225 905 265 c.
921 201 984 286 536]

205 371 410 451 subiectosque
440 370 553 450 Alpinis
585 369 734 430 montibus
760 369 1004 448 circumpadanos
1033 387 1171 449 campos,

175 457 380 534 imoeniaque
403 465 534 516 costum
555 453 766 515 transcendere
785 471 847 514 non
866 451 966 514 ltaliae
986 451 1091 522 modo,
1112 453 1170 514 sed

207 539 294 600 ctiam
309 538 392 600 urbis
406 539 571 606 Romanae:
595 545 694 597 cetere
719 535 820 615 plana,
843 535 982 616 procliuia
1002 537 1082 606 lore,
1104 555 1170 597 uno

1262 635 1263 668 l

207 632 257 684 aut
267 641 414 683 summum
429 621 521 682 altero
535 619 648 702 proelio
663 637 761 680 arcam
773 629 804 682 ct
813 629 901 699 caput
914 619 1014 680 ltaliae
1029 621 1061 679 in
1074 639 1170 681 mann

207 723 241 766 ac
254 714 398 784 potestate
412 705 573 766 habituros.

166 797 198 848 to
270 789 437 850 Proccdcre
457 787 526 850 iude
546 805 653 866 agmen
668 789 780 866 coepit,
806 787 865 848 iam
884 786 957 846 nibil
977 803 1016 848 nc
1030 785 1169 848 lmstibus

206 871 324 952 quidem
340 881 458 950 praeter
471 872 652 950 pamaqiurta
667 889 722 950 per
743 873 928 932 occasionem
943 869 1166 951 temptantibus.

166 964 194 1014 11
210 967 341 1016 ceterum
352 957 410 1014 iter
420 953 523 1025 mrrlto,
539 973 626 1034 quam
637 956 668 1014 iu
679 972 805 1016 ascensu
819 955 967 1014 iuerat-
980 964 1014 1015 ut
1023 952 1167 1032 pleraque

207 1039 323 1116 Alpium
334 1037 371 1097 ab
385 1036 468 1098 ltalia
479 1039 555 1098 sicut
565 1037 700 1098 breviore
713 1039 753 1099 ita
766 1038 926 1098 arrectiora
941 1046 1010 1098 sunt
1021 1069 1073 1106 —,
1089 1037 1167 1096 dilli-

167 1131 198 1182 te
210 1121 293 1182 cilius
309 1121 374 1181 luit.
408 1123 503 1182 omnis
522 1123 601 1182 enim
621 1122 716 1182 larme
736 1123 781 1182 via
796 1137 952 1201 praeceps,
972 1128 1106 1199 angusta,
1122 1119 1166 1180 lu·

208 1205 291 1265 brice
303 1212 374 1275 erat,
390 1212 424 1264 ut
437 1221 533 1286 neque
547 1206 693 1266 sustinere
708 1223 741 1266 se
756 1224 773 1266 a
788 1204 873 1284 lapsu
886 1213 1016 1283 possent,
1034 1221 1099 1275 nec,
1117 1205 1169 1283 qui

209 1287 329 1368 paulum
344 1287 536 1358 titubassent,
558 1288 683 1350 haerere
698 1289 809 1349 adllicti
828 1289 951 1366 vestigio
966 1306 1035 1358 suo,
1058 1286 1168 1366 aliique

184 1370 733 1452 1superaliosetiumcntainhomiucs
744 1371 922 1433 occiderent.
946 1370 1074 1434 XXXVI.
1090 1371 1168 1431 Ven-

209 1463 271 1516 tum
286 1454 392 1517 deinde
405 1455 442 1515 ad
457 1455 550 1516 multo
568 1457 766 1532 augustiorem
780 1473 900 1535 rupem,
917 1462 1006 1535 atque
1021 1457 1062 1515 ita
1076 1457 1168 1515 rectis

209 1541 303 1608 saris,
322 1545 355 1598 ut
368 1556 456 1616 aegre
470 1537 622 1617 expeditus
633 1538 719 1599 miles
732 1537 961 1617 temptabundus
972 1537 1168 1618 manibusque

210 1623 341 1683 retinens
351 1619 475 1700 virgulta
490 1639 524 1681 ac
537 1623 733 1701 stirpesoirca
751 1623 914 1683 eminentes
932 1622 1089 1683 demittere
1102 1639 1168 1682 sese

180 1713 317 1782 eposset.
343 1713 447 1764 natura
461 1703 543 1764 locus
553 1705 686 1764 iamente
696 1722 839 1784 praeceps
854 1707 967 1766 receuti
979 1705 1063 1785 lapsu
1069 1711 1168 1766 terrae

180 1789 239 1848 aiu
253 1786 362 1864 pedum
378 1785 458 1846 mille
480 1786 638 1847 admodum
660 1786 843 1850 altitudinem
862 1788 1005 1868 abruptus
1023 1796 1095 1850 erat.
1127 1787 1169 1848 ibi

212 1888 277 1929 cum
288 1868 412 1929 velutad
426 1869 516 1930 finem
527 1869 589 1930 riae
601 1873 714 1950 equites
728 1873 941 1944 constitissent,
956 1873 1078 1933 miranti
1087 1871 1168 1932 Han-

212 1951 309 2024 nibali,
322 1971 397 2032 quae
407 1971 456 2014 res
466 1961 634 2014 moraretur
650 1973 763 2034 agmen,
782 1957 933 2017 nuntiatur
942 1974 1048 2035 rupem
1059 1957 1168 2016 inuiam

182 2047 285 2097 tessc.
326 2037 475 2116 digressus
496 2036 602 2099 deiude
624 2041 689 2118 ipse
709 2039 745 2100 ad
764 2037 862 2099 locum
883 2039 1045 2101 visendum.
1089 2037 1169 2098 haud

213 2119 300 2182 dubia
316 2137 363 2181 res
379 2123 450 2192 visa,
469 2124 541 2200 quin
556 2124 703 2202 periuria
717 2123 864 2184 circanec
879 2125 948 2184 trite
963 2132 1049 2184 antee
1066 2140 1168 2202 quam·

183 2204 254 2265 tris
274 2202 363 2282 longo
381 2204 493 2266 ambitu
513 2206 748 2267 circumduceret
774 2224 889 2284 agmen.
919 2225 954 2268 ea
968 2225 1038 2268 vcro
1061 2208 1108 2267 via
1123 2207 1168 2266 iu·

210 2285 384 2367 superabilis
398 2288 467 2350 luit:
487 2307 554 2350 nam
573 2307 640 2350 curn
665 2307 754 2369 super
774 2298 901 2351 veterem
918 2293 1013 2351 nivem
1029 2291 1168 2351 intactam
1253 2297 1257 2321 ’-

213 2388 286 2430 nova
298 2371 696 2444 modicaealtitudinisesset,
711 2372 793 2434 molli
802 2377 858 2433 nec
868 2373 1015 2452 praealtae
1020 2373 1106 2434 lacilc
1116 2392 1168 2452 pe·

183 2453 263 2513 tides
272 2455 497 2532 ingredientium
513 2456 698 2528 insistebaut;
714 2465 747 2517 ut
758 2475 826 2518 vero
837 2464 881 2517 tot
892 2457 1043 2518 hominum
1053 2460 1167 2518 iumen·
1262 2493 1263 2508 .

211 2546 368 2617 torumque
388 2541 504 2601 incessu
526 2538 638 2620 dilapsa
657 2548 715 2610 cst,
740 2559 795 2620 per
818 2540 927 2602 nudam
943 2541 1020 2602 inira
1044 2541 1167 2619 glaciem

184 2620 408 2701 illuentemquc
422 2623 519 2684 tabem
534 2622 723 2702 liquescentis
739 2625 812 2684 nivis
827 2624 1077 2702 ingrediebantur.
1106 2633 1167 2685 tae·
1262 2627 1263 2662 ³

213 2712 257 2764 tra
272 2703 315 2765 ibi
328 2703 448 2766 luctatio
464 2714 528 2768 erat
541 2708 587 2768 via
597 2705 712 2768 lubrica
725 2706 818 2786 glacie
834 2726 894 2768 non
905 2709 1067 2786 recipiente
1080 2710 1163 2770 vesti·

213 2789 291 2864 glum
307 2789 380 2846 etin
396 2807 491 2866 prono
506 2791 591 2850 citius
603 2790 694 2868 pedes
705 2789 839 2864 fallente,
856 2801 902 2861 ut,
918 2808 973 2852 seu·
981 2792 1118 2852 manibus
1137 2795 1168 2852 iu

178 2921 182 2926 .
213 2869 398 2946 adsurgendo
425 2890 477 2932 seu
498 2890 575 2951 genu
602 2892 634 2934 sc
661 2875 852 2945 adiuvissent,
885 2877 956 2954 ipsis
982 2875 1167 2936 adminiculis
1262 2907 1263 2936 ÷

213 2951 356 3032 prolapsis
373 2955 480 3015 iterum
502 2965 691 3026 corruerent;
712 2975 768 3018 nec
781 2960 889 3038 stirpes
906 2960 985 3022 circa
1006 2959 1165 3030 radicesue,

213 3036 248 3097 ad
264 3055 336 3118 quas
350 3037 424 3115 pede
440 3046 488 3099 aut
502 3057 592 3100 mauu
608 3041 760 3120 quisquam
779 3044 851 3103 eniti
870 3051 983 3122 posset,
1009 3050 1110 3104 eraut:
1126 3045 1166 3104 ita

184 3123 240 3181 tiu
253 3121 310 3181 levi
321 3129 433 3183 tantum
442 3122 535 3202 glacie
548 3123 704 3204 tabidaque
716 3127 781 3186 nive
794 3125 1008 3188 volutabantur.
1036 3129 1167 3188 iumenta

212 3203 351 3266 secabant
373 3208 521 3269 interdum
547 3211 633 3270 ctiam
660 3207 788 3290 [tamen]
814 3212 943 3271 intimam
971 3211 1166 3288 ingredientia

212 3289 325 3358 nivem,
347 3298 377 3349 et
388 3293 524 3371 prolapsa
539 3293 680 3353 iactandis
691 3296 806 3370 gravius
827 3296 858 3354 in
874 3294 1030 3355 conitendo
1048 3293 1166 3372 ungulis

213 3373 328 3448 penitus
338 3373 573 3452 perfringebaut,
589 3383 621 3436 ut
632 3375 772 3455 pleraque
787 3377 865 3438 volut
878 3377 981 3457 pedica
996 3385 1081 3458 capta
1095 3377 1165 3439 bae·

212 3464 313 3514 rerent
328 3457 359 3513 in
377 3455 449 3516 dura
469 3466 497 3517 et
514 3459 570 3518 alte
582 3467 719 3519 concreta
737 3458 838 3539 glacie.
