2546 3936
187 139 248 203 150
312 93 319 103 Ι
400 151 494 194 nmen
507 153 539 193 x.
558 149 626 194 nse.
641 139 667 187 2.
680 135 706 188 3.
723 126 764 210 [a.
779 149 810 190 u.
829 151 855 190 c.
869 125 931 209 452]

187 303 298 362 tionem
313 301 429 360 navium
446 333 485 346 -·
503 296 583 360 milia
605 305 703 358 autem
723 295 957 376 quattuordecim
978 293 1015 356 ab
1037 295 1160 376 oppido

145 392 178 446 10
189 385 292 446 aberat
305 417 347 429 -—
366 383 461 445 ducta.
497 385 529 442 in
544 399 632 443 naves
652 399 755 461 parvas
771 377 940 441 custodibus
961 381 1159 460 interemptis

186 471 313 548 impetus
331 467 441 540 lactus,
467 467 622 544 territique
643 452 748 526 nautae
763 470 909 542 coguntur
923 480 1011 526 nares
1025 465 1057 524 in
1075 463 1158 526 alte·

186 571 250 614 ram
271 554 367 633 ripam
388 552 483 613 amnis
504 552 639 610 traicere.
672 556 701 609 et
722 550 754 609 in
769 555 848 608 terra
861 565 1037 627 prosperum
1055 566 1157 628 aeque

185 639 217 699 in
235 637 348 717 palatos
362 635 554 715 praedatores
572 632 719 712 proelium
741 631 851 703 fuerat,
871 631 1156 712 refugientibusque

147 727 176 780 lt
190 720 226 782 ad
247 723 402 782 stationem
418 719 538 780 Graecis
552 717 656 778 Veneti
676 715 835 778 obsistunt:
865 717 904 775 ita
926 716 957 775 in
976 714 1074 778 medio
1091 718 1154 777 cir-

188 806 334 866 cumventi
358 803 458 865 hostes
486 803 638 881 caesique;
673 817 744 880 pars
769 801 846 879 capti
869 798 993 860 classem
1017 799 1157 860 indicant

146 896 178 946 lt
189 906 349 969 regemque
376 886 566 965 Cleonymum
590 885 646 944 tria
671 883 751 944 mllia
776 883 888 944 abesse.
935 882 1004 944 iude
1027 885 1155 962 captivis

187 974 322 1052 proximo
337 972 400 1031 vico
419 971 451 1028 in
464 967 625 1030 custodiam
647 967 721 1028 datis
739 985 809 1047 pars
829 964 982 1028 lluriatiles
1001 984 1090 1029 nares
1114 967 1154 1028 ad

188 1053 353 1133 superanda
373 1053 446 1113 rada
472 1061 643 1130 stagnorum
663 1059 730 1131 apte
753 1050 848 1131 planis
869 1049 957 1112 alveis
981 1050 1152 1122 fabricatas,

188 1155 257 1217 pars
285 1138 397 1216 captiva
428 1137 541 1214 navigia
571 1136 690 1196 armatis
716 1132 868 1215 conplent,
898 1135 1082 1214 profectique
1115 1135 1153 1196 ad

189 1221 312 1283 classem
326 1219 481 1282 inmobiles
505 1237 593 1281 nares
611 1226 640 1280 et
654 1219 719 1280 loca
733 1220 833 1296 ignota
850 1216 916 1298 plus
931 1236 1019 1298 quam
1034 1219 1153 1280 bostem

148 1313 180 1364 13
191 1307 328 1366 timentes
343 1304 577 1376 circumvadunt,
590 1304 794 1382 fugientesque
807 1303 838 1363 iu
852 1301 942 1364 altum
954 1303 1050 1364 acrius
1062 1321 1152 1382 quarn

188 1398 388 1470 repugnantes
409 1407 501 1469 usque
522 1388 559 1448 ad
575 1390 682 1448 ostium
705 1387 798 1448 amnis
818 1389 967 1466 persecuti
979 1387 1071 1466 captis
1085 1388 1153 1467 qui-

188 1473 312 1536 busdam
333 1475 521 1552 incensisque
541 1471 662 1532 navibus
682 1470 824 1540 bostium,
848 1489 920 1550 quas
941 1470 1098 1548 trepidatio
1120 1471 1151 1531 in

149 1565 181 1614 14
191 1557 263 1618 vada
275 1557 427 1626 intulerat,
443 1557 568 1616 victores
578 1561 776 1615 revertuntur.
806 1553 1040 1632 Cleonymusvix
1050 1556 1151 1634 quinta

188 1647 273 1720 parte
285 1641 401 1700 navium
416 1638 559 1699 incolumi
573 1635 652 1699 nulla
667 1639 790 1715 regione
803 1639 894 1698 maris
905 1638 1066 1699 Hadriatici
1079 1656 1149 1718 pro·

189 1741 276 1802 spere
297 1722 374 1783 adita
395 1721 537 1782 discessit.
574 1727 669 1782 rostra
692 1721 809 1781 navium
831 1721 981 1802 spoliaque
1001 1722 1148 1784 Lacanum

189 1809 221 1866 in
245 1805 317 1868 aede
336 1806 457 1866 lunonis
472 1807 568 1870 ,veteri
590 1805 647 1866 tira
667 1804 753 1866 multi
769 1812 928 1886 supersunt
944 1807 995 1885 qni
1014 1806 1150 1868 viderunt

149 1897 180 1948 15
191 1891 299 1952 Patavi.
330 1897 553 1951 monumentum
568 1888 676 1950 navalis
694 1907 811 1969 pugnae
827 1907 862 1950 eo
879 1890 940 1959 die,
962 1909 1021 1970 quo
1038 1909 1148 1970 pugna·

189 1983 251 2036 tum
267 1981 325 2046 est,
341 1974 497 2054 quotannis
512 1971 647 2034 sollemni
663 1975 823 2035 certamina
839 1975 956 2035 navium
976 1975 1008 2034 in
1029 1973 1148 2036 flumine

190 2059 290 2138 oppidi
304 2058 402 2119 medio
417 2063 580 2118 exercetur.

164 2151 176 2200 1
251 2141 300 2202 111.
330 2140 442 2202 Eodem
457 2160 535 2202 anno
548 2142 659 2203 Romae
673 2160 740 2203 cum
754 2143 881 2203 Vestinis
895 2141 1064 2222 petentibus
1078 2145 1147 2203 ami·

160 2227 288 2288 ecitiam
303 2227 394 2286 ictum
410 2233 455 2286 est
469 2224 583 2286 foedus.
612 2224 766 2303 multiplex
783 2225 888 2287 deinde
904 2233 1024 2287 exortus
1039 2234 1145 2288 terror.

190 2311 338 2372 Etruriam
352 2307 498 2370 rebellare
515 2308 551 2370 ab
562 2310 766 2371 Arretinorum
782 2309 976 2370 seditionibus
987 2317 1068 2370 motu
1084 2318 1147 2371 orto

189 2394 394 2467 nuntiabatur,
409 2393 461 2454 ubi
478 2393 603 2456 Cilnium
620 2410 713 2472 genus
726 2400 905 2472 praepotens
924 2393 1088 2455 divitiarum
1103 2396 1146 2454 in·
1261 2413 1262 2470 j

189 2479 265 2540 vidia
286 2475 356 2557 pelli
378 2479 467 2538 armis
481 2485 634 2556 coeptum,
658 2476 745 2537 simul
758 2475 870 2538 Marsos
891 2495 993 2555 agrum
1017 2479 1145 2548 nitueri,

189 2565 221 2622 ln
242 2580 330 2643 quem
352 2560 467 2622 colonia
489 2557 619 2622 Carseoli
638 2559 764 2622 deducta
788 2568 852 2622 erat
872 2567 1007 2642 quattuor
1029 2561 1146 2624 milibus
1261 2559 1262 2568 ’

72 2721 74 2728 Ι
164 2645 343 2706 3Ιιοῐηίηιιω
358 2647 484 2724 scriptis.
516 2647 615 2724 itaque
628 2652 751 2725 propter
771 2663 822 2706 eos
842 2645 984 2708 tumultus
1001 2645 1095 2708 dictus
1108 2647 1145 2708 M.

191 2729 322 2788 Valerius
341 2727 483 2789 Maximus
503 2728 628 2789 dictator
653 2731 827 2808 magistrum
849 2731 979 2810 equiturn
1002 2729 1058 2791 sibi
1078 2730 1146 2809 legit

163 2811 230 2870 abl.
248 2810 400 2870 Aemilium
421 2810 552 2872 Paulum.
581 2812 612 2871 id
632 2815 725 2890 magis
748 2813 852 2884 credo,
873 2834 960 2895 quam
976 2814 1011 2888 Q.
1027 2814 1144 2876 Fabium

193 2913 226 2953 ea
249 2899 343 2953 aetate
366 2901 453 2970 atque
478 2896 520 2954 eis
538 2895 701 2956 honoribus
721 2894 844 2958 Valerio
864 2898 1045 2971 subiectum
1071 2906 1139 2960 cete·

191 2996 258 3040 rum
272 2995 307 3038 ex
319 2975 438 3038 Maximi
449 2979 625 3056 cognomine
640 2985 738 3041 ortum
752 2997 885 3042 errorem
896 2982 974 3046 haud
985 2983 1142 3046 abnuerint

162 3063 341 3141 nprolectus
355 3061 479 3123 dictator
495 3081 561 3138 curn
578 3064 709 3124 exercitu
723 3063 836 3143 proelio
848 3085 907 3126 uno
919 3067 1030 3130 Marsos
1043 3067 1144 3130 fundit.

192 3143 341 3226 conpulsis
365 3144 470 3207 deinde
490 3147 521 3208 in
542 3146 632 3209 urbes
660 3149 788 3210 munitas
807 3149 967 3213 Milioniam
991 3151 1144 3214 Plestinam

191 3230 342 3292 Fresiliam
363 3231 441 3290 intra
457 3231 519 3294 dies
534 3250 644 3312 paucos
660 3235 752 3312 cepit,
782 3241 811 3294 et
829 3243 913 3315 parte
935 3238 998 3313 agri
1020 3234 1145 3296 multatis
1186 3252 1189 3256 ·

161 3313 294 3373 nllarsis
309 3314 413 3376 foedus
433 3318 569 3377 restituit.
605 3324 667 3378 tum
689 3319 719 3377 in
734 3317 874 3378 Etruscos
894 3315 1011 3378 versum
1029 3317 1143 3378 bellum.
1261 3305 1262 3344 l

192 3399 223 3453 et
240 3413 306 3455 cum
323 3397 448 3459 dictator
468 3401 666 3479 auspiciorum
680 3401 910 3480 repetendorum
925 3419 1012 3462 causa
1031 3402 1144 3481 prolec·
1261 3397 1262 3446 ἶ
