2546 3936
230 141 273 206 94
411 191 415 195 .
433 155 527 196 urenn
537 155 579 195 rx.
596 153 664 196 oar.
682 139 706 191 ι.
725 141 749 194 2.
772 130 809 214 [e.
826 155 857 195 u.
874 155 900 194 c.
916 129 980 216 433]

151 335 161 347 ·
187 310 223 364 10
233 321 308 365 mus
338 304 446 364 iustum
465 308 510 362 est
528 300 654 372 bellum,
678 301 838 372 Samnites,
863 299 969 398 quibus
982 299 1190 376 necessarlum,

80 400 84 403 ·
232 396 261 449 et
275 389 323 466 pia
341 405 440 457 arma,
463 385 568 466 quihus
583 384 662 446 nulla
684 387 741 445 nisi
763 387 795 445 in
811 387 901 444 armis
917 383 1094 465 relinquitur
1114 401 1191 466 spes.

188 479 220 530 11
233 469 359 570 proinde
387 489 453 532 cum
481 488 583 530 rerum
603 468 798 530 humanarum
824 469 985 529 maximum
1008 475 1192 532 momentum

230 557 280 626 sit,
306 573 393 635 quam
414 555 549 634 propitiis
573 570 652 621 rem,
674 571 762 632 quam
784 550 913 612 adversis
934 559 1023 650 agant
1041 547 1110 622 diis,
1137 569 1192 634 pro
1252 585 1253 622 ι

230 646 311 700 certo
332 638 438 700 habete
459 639 559 717 priora
578 635 656 697 bella
677 636 816 697 adversm
835 635 906 696 deos
921 637 1015 714 magis
1030 653 1118 716 ιιιιιιιι
1138 635 1206 700 ιιι·7
1252 645 1253 722 ,

229 725 325 785 mines
346 724 487 801 gessisse,
511 721 581 791 hoc,
604 719 683 800 quod
705 721 809 791 instat,
835 718 985 781 ducibus
977 719 1048 800 ipsis
1070 718 1127 783 dns
1141 736 1192 802 ge·
1252 723 1253 748 ¹

228 815 359 870 sturos.“
913 843 917 856 ι

201 900 217 951 1
291 891 327 952 11.
358 891 438 951 Haec
453 908 514 950 non
527 887 603 951 laeta
616 889 710 968 magis
721 907 808 969 quam
824 906 893 950 vera
904 889 1090 962 vaticinatus,
1107 903 1204 953 exer·

229 977 289 1036 citu
304 973 410 1034 educto
426 976 504 1034 circa
517 973 658 1034 Caudium
672 981 768 1034 castra
782 991 869 1052 quam
883 981 981 1052 potest
994 972 1192 1036 occultissime

201 1058 315 1120 elocat.
340 1057 409 1118 inde
422 1056 457 1118 ad
470 1056 624 1128 Calatiam,
641 1057 692 1118 ubl
705 1058 764 1118 ianr
775 1056 910 1119 consules
921 1058 1071 1120 Romanos
1082 1065 1191 1120 castra-

228 1160 286 1221 que
302 1159 366 1202 esse
384 1140 534 1212 audiebat,
557 1140 665 1202 milites
680 1141 783 1202 decem
804 1150 956 1220 pastorum
978 1141 1080 1203 habitu
1095 1142 1191 1210 mittit,

227 1243 394 1306 pecoraque
416 1225 547 1287 diversos
566 1223 655 1287 alium
677 1223 746 1286 alibi
766 1225 845 1286 haud
864 1224 970 1304 procul
984 1225 1125 1286 Romanis
1141 1243 1191 1304 pa·

201 1317 314 1371 ascere
332 1308 415 1371 iubet
432 1310 602 1390 praesidiis;
626 1308 677 1370 ubi
701 1309 859 1370 inciderint
878 1311 910 1369 in
930 1308 1139 1388 praedatores,
1161 1317 1192 1369 ιιι

227 1393 460 1455 ιιιιιιιοιιιιιιιιιιι
478 1412 576 1455 sermo
593 1400 721 1463 constet,
737 1391 869 1471 legiones
880 1393 1054 1454 Samnitium
1069 1394 1101 1453 in
1114 1394 1192 1472 lpu-

228 1477 267 1540 lia
280 1496 358 1549 esse,
376 1477 532 1539 Luceriam
543 1477 680 1538 omnibus
695 1479 787 1556 copiis
802 1476 1034 1546 circumsedere,
1051 1494 1107 1536 nec
1123 1495 1192 1557 pro-

198 1561 276 1622 ccul
297 1561 415 1632 abesse,
438 1563 510 1640 quin
528 1563 557 1620 vi
578 1563 703 1639 captant.
734 1563 793 1622 iam
816 1562 842 1622 is
863 1558 920 1642 [et]
942 1578 1046 1622 rumor
1070 1568 1138 1622 ante
1155 1560 1192 1620 de

226 1645 371 1706 industria
387 1644 516 1743 volgatus
537 1653 658 1706 venerat
673 1643 709 1706 ad
723 1645 886 1714 Romanos,
905 1645 958 1706 sed
979 1644 1068 1706 fidem
1083 1663 1192 1706 auxero

228 1729 334 1807 captivi
351 1746 386 1789 eo
400 1730 541 1798 maxime,
565 1727 644 1826 quod
666 1747 766 1790 sermo
785 1731 864 1790 inter
880 1747 982 1790 omnes
998 1729 1190 1806 congruebat.

200 1810 308 1874 ehauu
325 1820 388 1874 erat
403 1811 538 1883 dubium,
562 1814 634 1911 quin
649 1812 803 1874 Lucerinis
823 1831 910 1892 opem
926 1813 1077 1873 Romanus
1089 1813 1190 1883 ferret,

229 1895 316 1958 honis
331 1915 365 1958 ac
379 1895 515 1958 fidelihus
535 1898 637 1967 sociiS,
649 1897 749 1962 simul
766 1913 805 1958 nc
819 1891 924 1977 tpuua
938 1897 1034 1957 omnis
1051 1896 1088 1956 ad
1105 1915 1191 1977 prae·

228 1988 342 2042 sentem
356 1989 504 2041 terrorem
520 1981 673 2042 deficeret·
689 2000 724 2044 ea
734 1981 838 2052 modo
857 2000 915 2080 qua
931 1982 1024 2052 irent,
1043 1980 1191 2042 consulta·

199 2066 267 2126 otio
282 2065 347 2126 fuit
378 2064 453 2126 duae
474 2064 511 2124 ιιι
526 2065 681 2126 Luceriam
703 2064 838 2126 serebant
858 2067 938 2135 viae,
960 2063 1051 2126 altera
1071 2073 1193 2144 praeter

221 2165 311 2210 oram
327 2150 426 2228 superi
442 2151 546 2220 maris,
568 2145 673 2227 patens
687 2156 867 2240 ap,ertaque
886 2111 941 2210 secl
959 2155 1068 2228 quanto
1090 2149 1190 2216 tutior,

157 2237 161 2244 “
200 2240 309 2294 .tauto
324 2234 388 2294 lere
410 2233 543 2310 longior,
568 2221 691 2294 altera
683 2251 737 2311 per
752 2232 881 2294 furculas
897 2232 1041 2294 Caudinas
1061 2230 1192 2293 brevior.

201 2317 282 2377 used
302 2318 342 2378 ita
358 2324 444 2378 natus
463 2315 546 2378 locus
561 2323 618 2377 est:
641 2316 732 2378 saltus
754 2317 812 2377 duo
828 2315 879 2408 alti
894 2318 1010 2394 angusti
1033 2315 1192 2395 silvosique

228 2408 310 2471 sunt,
332 2399 520 2462 montibus
495 2419 574 2462 circa
587 2403 738 2481 perpetuis
753 2402 831 2462 inter
845 2397 877 2461 se
892 2401 993 2461 iuncti.
1021 2400 1098 2460 iacet
1111 2401 1191 2461 inter

205 2495 278 2547 'eos
292 2487 361 2546 satis
381 2491 484 2565 patens
501 2483 616 2545 clausus
636 2487 669 2544 in
688 2484 787 2545 medio
801 2503 923 2564 campus
938 2482 1079 2544 herbidus
1099 2501 1191 2563 aquo·

198 2576 351 2650 8susque,
372 2587 532 2649 perquem
547 2567 679 2629 medium
693 2570 751 2630 iter
767 2575 820 2632 est.
850 2568 903 2629 sod
918 2575 1076 2647 antequam
1090 2569 1191 2628 venias

228 2653 265 2714 ad
287 2671 368 2724 eum,
390 2653 544 2715 intrandae
559 2655 673 2733 primae
689 2654 840 2731 angustiae
860 2659 943 2723 sunt,
966 2657 996 2712 et
1010 2658 1060 2712 aut
1074 2651 1190 2721 eadem,

228 2755 285 2815 qua
298 2739 351 2796 te'
342 2737 550 2808 insinuaveris,
571 2744 653 2797 retro
669 2738 714 2797 via
733 2736 896 2822 repetenda
917 2742 979 2806 aut,
999 2735 1025 2796 si
1038 2736 1083 2796 ire
1097 2752 1191 2814 porro

223 2835 349 2898 ·,pergas
374 2838 428 2899 per
448 2819 537 2881 alium
552 2819 657 2880 saltum
679 2821 818 2881 artiorem
839 2811 1107 2900 impeditioremque
1124 2837 1191 2880 eva·

199 2900 368 2963 edendum.
392 2905 427 2964 ιιι
443 2922 511 2964 eum
527 2921 662 2983 campum
678 2905 722 2976 ιιι
742 2903 797 2963 alie
815 2921 869 2984 per
888 2922 986 2966 cavam
1008 2920 1115 2982 rupem
1129 2902 1190 2964 Ro·

227 3003 318 3047 mam
299 2986 446 3048 demisso
461 2988 577 3067 agmine
589 3006 656 3048 cum
671 2987 708 3048 ad
721 2987 792 3048 alias
807 2990 955 3066 angustias
969 2989 1105 3066 protinus
1119 3005 1191 3066 per·
1252 3053 1253 3056 Ἴ

228 3078 347 3151 gerent,
374 3079 488 3152 saeptas
509 3072 624 3133 deiectu
644 3071 783 3134 arborum
804 3089 1001 3150 saxorumque
1021 3072 1191 3148 ingentium

227 3155 410 3218 obiacentem
425 3155 534 3218 molem
548 3159 699 3219 invenere.
729 3175 796 3217 cum
811 3157 891 3218 iraus
906 3153 1019 3215 hostilis
1034 3156 1191 3233 apparuis-

185 3244 220 3300 1⁰
229 3247 288 3311 set
309 3241 488 3321 praesidium
502 3242 589 3303 etiam
610 3241 642 3302 in
656 3259 771 3302 summo
791 3239 867 3302 saltu
887 3239 1077 3318 compluitur.
1108 3239 1194 3299 citati

227 3323 388 3386 inderetro
395 3343 473 3406 ,iqua
487 3332 637 3396 venerant,
648 3332 777 3404 pergunt
789 3325 1017 3404 repetereviam.
1037 3339 1102 3382 eam
1114 3341 1192 3401 quo·

229 3423 287 3487 que
308 3407 436 3469 clausam
456 3427 548 3470 suao
531 3409 614 3470 obice
636 3409 784 3509 armisque
803 3409 966 3470 inveniunt.
995 3407 1103 3468 sistunt
1116 3404 1196 3467 inde
