2542 3956
190 179 257 244 ’330
359 189 453 234 mu
466 189 559 232 mu.
577 189 646 232 cnr.
660 175 704 228 12.
717 174 760 228 1³.
776 164 818 248 [a.
832 189 864 228 u.
882 189 910 228 c.
923 164 988 248 538]

167 348 187 399 c
258 337 426 402 Seutndnm
442 338 517 400 lraec
530 337 608 398 dicta
621 336 753 414 Hagonis
768 333 853 394 laetis
868 333 1007 394 omnibus
1018 331 1167 404 Himilco,

194 425 239 486 rir
258 423 394 485 factionis
417 422 576 490 Barcinae,
600 419 700 480 locum
719 418 873 480 Hannonis
893 417 1069 497 increpandi
1097 437 1166 478 esse

195 517 290 575 ratus,
311 553 331 578 a
339 505 409 586 quid
424 515 484 576 est,
506 504 656 566 Hannoi“
679 505 776 582 inquit
796 504 914 572 „edam
928 520 1009 562 nunc
1025 503 1166 580 paenitet

168 589 268 652 rbelti
281 592 411 669 suscepti
425 589 564 650 adversus
577 588 746 648 Romanosi
766 585 836 646 iube
856 585 926 646 dedi
949 584 1163 655 Hannibalem,

196 683 260 736 reta
274 676 306 736 in
321 683 381 734 tam
395 674 548 756 prosperis
566 671 657 733 rebus
678 680 778 750 grates
792 669 856 730 deis
871 668 1083 730 inmortalibus
1101 672 1161 747 agi.

195 758 346 821 audiamus
352 758 518 818 Romanum
525 763 692 817 senatorem
702 757 734 814 in
742 753 1031 832 Carthaginiensium
1043 755 1152 813 curia!

167 850 258 905 etum
273 843 396 904 Hanno:
411 842 594 913 „tacuissem
606 840 709 909 bodie,
724 847 825 918 patres
838 839 1015 916 conscripti,
1032 855 1070 898 ne
1087 837 1163 916 quid

194 928 226 988 in
240 928 391 988 communi
402 926 534 986 omnium
546 925 668 1001 gaudio,
684 925 782 984 minus
798 921 909 982 laetum
919 921 1002 1001 quod
1014 928 1096 982 esset
1110 938 1162 980 vo·
1251 941 1252 996 r

165 1008 255 1080 ubis,
286 1008 440 1088 loquerer:
473 1025 552 1068 nunc
570 1008 766 1085 interroganti
796 1008 942 1076 senatori,
969 1007 1161 1084 paeniteatne

195 1094 290 1154 adhuc
304 1094 433 1171 suscepti
453 1091 593 1152 adversus
612 1091 761 1154 Romanos
782 1090 868 1160 belli,
892 1091 919 1150 si
932 1091 1093 1160 reticeam,
1110 1097 1161 1150 aut

194 1175 340 1255 superbus
351 1183 401 1237 aut
411 1174 555 1237 obnoxius
570 1175 678 1246 ridear,
695 1193 821 1255 quorum
832 1173 958 1236 alterum
970 1181 1016 1234 est
1026 1173 1159 1234 hominis
1251 1183 1252 1214 r

154 1266 186 1318 to
197 1260 310 1321 alienae
324 1259 467 1321 libertatis
478 1258 569 1329 obliti,
586 1258 712 1320 alterum
723 1277 802 1320 suae.
829 1258 1048 1337 respondeam“
1062 1257 1160 1336 iuquit

194 1343 391 1416 „Himilconi
407 1362 467 1404 non
484 1343 594 1406 desisse
617 1345 767 1423 paenitere
779 1361 828 1403 me
850 1341 919 1403 belli
933 1359 1032 1421 neque
1046 1341 1159 1402 desitu-

195 1447 261 1490 rum
275 1435 342 1490 ante
356 1431 497 1490 invictum
518 1436 647 1488 vestrum
666 1430 877 1507 imperatorem
891 1427 1043 1496 incusare,
1068 1443 1160 1504 quam

196 1513 310 1582 finitum
334 1511 429 1592 aliqua
453 1510 601 1572 tolerabili
621 1510 796 1572 condicione
821 1509 931 1572 bobum
951 1510 1070 1578 videro;
1103 1527 1159 1568 nec

194 1595 267 1656 mihi
281 1597 362 1675 pacis
380 1597 516 1674 antiquae
532 1595 710 1657 desiderium
720 1594 780 1655 ulla
794 1593 850 1656 alia
860 1613 910 1655 res
927 1612 1015 1672 quam
1031 1611 1091 1672 pax
1104 1611 1159 1653 no·

154 1685 183 1737 tt
196 1697 231 1738 va
242 1680 332 1738 finiet.
361 1681 460 1756 itaque
477 1681 547 1747 ista,
564 1697 639 1757 quae
651 1677 739 1739 modo
751 1679 835 1757 Mago
849 1680 979 1746 iactavit,
996 1676 1159 1737 Himilconi

195 1761 358 1839 ceterisque
369 1759 541 1821 Hannibalis
556 1761 728 1823 satellitibus
737 1763 797 1823 iam
808 1760 883 1824 laeta
899 1770 981 1822 suut:
998 1761 1073 1820 milri
1088 1778 1157 1840 pos·

193 1852 262 1905 sunt
278 1843 351 1904 laeta
374 1861 452 1916 esse,
478 1845 546 1925 quia
565 1863 614 1905 res
639 1845 717 1906 bello
740 1845 818 1906 bene
841 1851 954 1923 gestae,
978 1847 1004 1904 si
1022 1842 1158 1904 volumus
1251 1857 1252 1890 r

152 1934 183 1985 tt
195 1926 314 1989 fortuna
330 1929 380 1997 uti,
398 1946 501 2005 pacem
517 1927 603 1988 nohis
614 1931 785 2008 aequiorem
797 1928 917 1989 dabunt.
947 1947 1017 1988 nam
1028 1931 1056 1988 si
1069 1946 1157 2007 prae·

194 2013 382 2072 tormittimus
403 2013 460 2072 hoo
478 2021 609 2090 tempus,
631 2029 689 2090 quo
709 2013 803 2090 magis
825 2013 896 2072 dare
912 2031 1000 2092 quam
1018 2013 1156 2090 accipere
1251 2091 1252 2100 ἵ

193 2114 349 2172 possumus
369 2095 462 2155 videri
481 2113 600 2174 pacem,
628 2113 733 2156 vereor
752 2113 791 2156 ne
812 2095 887 2158 haec
906 2113 1024 2175 quoque
1042 2095 1155 2156 laetitia
1251 2165 1252 2174 χ

152 2184 183 2237 te
195 2177 324 2239 luxuriet
341 2176 426 2239 nobis
442 2197 476 2240 ac
491 2197 563 2240 vana
580 2179 690 2240 evadat.
726 2197 802 2260 quae
821 2187 920 2241 tamen
942 2197 1022 2240 nunc
1036 2197 1155 2259 quoque
1251 2199 1252 2228 ³

194 2261 286 2341 qualis
310 2262 372 2324 esti
410 2264 506 2325 occidi
531 2265 676 2336 exercitus
698 2263 827 2325 hostium
847 2297 890 2310 -
913 2265 1020 2324 mittite
1046 2262 1155 2324 milites
1251 2315 1252 2336 ,

152 2352 184 2403 14
193 2347 274 2407 mibi.
310 2345 381 2425 quid
404 2346 483 2408 aliud
501 2364 637 2425 rogares,
661 2349 686 2407 si
704 2365 784 2410 esses
804 2349 914 2409 vietusi
936 2348 1066 2408 hostium
1089 2347 1154 2426 cepi

193 2427 261 2490 bina
288 2436 398 2500 castra,
420 2430 547 2509 praedae
569 2430 704 2492 videlicet
724 2431 811 2510 plena
839 2440 870 2492 et
889 2439 1086 2493 commeatum
1115 2463 1151 2476 -
1251 2431 1252 2472 ἲ

194 2512 372 2576 frumentum
384 2521 418 2574 et
431 2515 585 2593 pecuniam
603 2514 679 2575 date.
713 2514 783 2594 quid
804 2513 897 2585 aliud,
912 2517 941 2576 si,
952 2513 1114 2594 spoliatus,
1129 2515 1153 2572 si
1251 2521 1252 2594 ξ

151 2601 183 2654 tt
195 2607 299 2666 exutus
313 2598 416 2658 castris
433 2616 528 2668 esses,
549 2598 685 2676 peteres?
705 2609 787 2659 etue
805 2601 902 2659 omnia
924 2601 988 2678 ipse
1001 2599 1095 2658 mirer
1110 2633 1151 2646 --
1251 2595 1252 2632 ³

192 2681 266 2742 mihi
280 2699 397 2760 quoque
413 2684 507 2752 enim,
523 2684 661 2761 quoniam
676 2683 817 2762 respondi
829 2682 1002 2751 Himilconi,
1024 2683 1150 2742 interro·
1251 2725 1252 2756 ,

193 2781 262 2842 gare
274 2764 320 2824 ius
335 2764 436 2843 fasque
448 2775 492 2826 est
503 2799 554 2835 -,
570 2765 657 2826 velim
672 2785 725 2828 seu
735 2766 859 2827 Himilco
871 2785 923 2827 seu
934 2767 1018 2842 Mago
1029 2782 1149 2844 respon·
1251 2759 1252 2836 l

193 2845 273 2916 deat,
289 2863 357 2906 cum
369 2847 406 2916 ad
417 2849 650 2910 internecionem
663 2849 787 2910 Romani
805 2852 923 2929 imperii
938 2857 1098 2928 pugnatum
1111 2847 1148 2908 ad
1251 2851 1252 2878 ³

193 2929 307 2994 Cannas
330 2929 382 2998 sit,
406 2939 577 3009 constetque
598 2933 627 2990 in
649 2931 815 3003 delectione
840 2941 931 2995 totam
945 2931 1059 2993 ltaliam
1077 2949 1147 3002 esse,
1251 2999 1252 3018 χ

152 3018 337 3094 ltprimum,
357 3015 456 3094 ecquis
470 3015 566 3076 Latini
581 3016 708 3077 nominis
728 3016 854 3098 populus
873 3018 1015 3078 deiecerit
1034 3015 1071 3076 ad
1087 3032 1147 3086 nos
1251 3021 1252 3026 ’

193 3098 313 3170 deinde,
336 3100 436 3178 ecquis
456 3100 544 3161 bomo
567 3117 603 3161 ex
624 3101 754 3180 quinque
775 3109 805 3162 et
827 3103 946 3178 triginta
963 3099 1099 3161 tribubus
1113 3099 1148 3160 ad
1251 3161 1252 3172 ,

193 3181 386 3246 Hannibalem
401 3184 608 3262 transfugerit?
617 3191 636 3218 “
655 3203 721 3245 cum
736 3193 894 3264 utrumque
908 3185 992 3262 Mago
1004 3191 1146 3260 negasset,
1251 3179 1252 3246 l

152 3272 182 3324 tt
195 3267 348 3338 „bostium
364 3265 481 3346 quidem
500 3285 571 3345 ergo
580 3276 598 3301 “
612 3268 708 3348 inquit
723 3268 844 3338 „adhuc
860 3270 948 3328 nimis
961 3266 1085 3328 multum
1099 3285 1146 3326 su·
1251 3281 1252 3296 ³

194 3358 301 3427 perest.
342 3349 395 3411 sed
426 3350 580 3412 multitudo
607 3371 640 3412 ea
668 3353 738 3431 quid
764 3355 929 3413 animorum
958 3351 1062 3430 quidve
1086 3351 1146 3428 spei
1251 3361 1252 3388 ³

169 3432 316 3502 thebert,
334 3435 410 3494 scire
422 3434 540 3495 velim.“
573 3435 647 3497 Xlll.
677 3437 750 3498 Cum
762 3436 792 3496 id
809 3438 924 3498 nescire
936 3436 1020 3514 Mago
1036 3434 1146 3494 diceret
