2546 3936
212 191 271 254 122
429 209 522 252 utana
536 209 580 250 11.
595 209 663 252 cae.
679 195 723 250 26.
740 187 780 270 [a.
795 212 826 250 u.
842 212 867 250 c.
883 188 945 272 440]

184 353 298 415 8dubie
313 355 349 415 ab
364 357 435 434 ipsis
449 359 578 417 conscita
591 356 700 417 iudicio
714 356 866 417 subtraxit.
898 357 1018 429 deinde,
1033 367 1066 419 ut
1076 377 1166 437 quae·

210 439 297 499 stioni
309 438 472 518 Campanae
486 441 608 502 matoria
625 439 763 510 decessit,
782 459 865 501 versa
882 441 1006 502 Romam
1021 443 1168 520 interpre-

210 522 299 581 tando
310 541 373 583 res:
390 543 449 584 non
462 525 649 594 nominatim,
668 527 718 602 qui
729 525 858 603 Capuae,
875 525 971 585 sedin
986 527 1165 596 uuiversum,

210 608 260 685 qui
276 624 399 686 usquam
420 609 549 668 coissent
569 609 806 668 coniurassentve
827 607 966 670 adversus
985 627 1050 669 rem
1068 609 1167 690 publi·

183 695 290 760 ticam,
313 693 415 770 quaeri
430 701 563 752 senatum
577 692 712 760 iussisse:
735 699 763 752 et
780 693 922 753 coitiones
936 692 1084 752 honorum
1104 693 1167 753 adi·

208 774 417 852 piscendorum
443 793 531 836 causa
551 776 643 834 iactas
662 775 801 835 adversus
825 793 889 836 rem
915 774 1063 854 publicam
1089 793 1166 838 esse.

206 854 351 937 latiorque
370 866 399 919 et
421 876 454 917 re
476 865 505 917 et
527 858 661 936 personis
680 860 808 936 quaestio
828 859 894 920 lieri
915 859 994 921 haud
1017 858 1167 921 abnuente

168 945 200 996 10
211 940 352 1002 dictatore
370 942 434 1000 sine
454 939 513 1000 line
535 937 594 1000 ulla
612 943 789 1018 quaestionis
808 961 877 1004 suae
897 944 942 1003 ius
964 961 1037 1004 esse.
1065 950 1167 1021 postu·

208 1019 345 1083 labantur
364 1040 435 1100 ergo
450 1022 563 1083 nobiles
580 1023 728 1096 nominee,
745 1025 1018 1106 appellantibusque
1030 1025 1167 1088 tribunos

168 1113 196 1163 tl
210 1122 297 1165 nemo
309 1114 372 1170 erat
385 1106 507 1177 auxilio,
523 1109 593 1186 quin
607 1109 726 1168 nomina
739 1111 953 1188 reciperentur.
977 1109 1047 1170 inde
1059 1108 1167 1170 nobili·

207 1197 260 1258 tas,
277 1207 333 1248 nec
344 1191 366 1248 ii
377 1190 475 1260 modo,
490 1192 521 1251 in
535 1209 608 1270 quos
619 1193 733 1251 crimen
743 1192 960 1263 intendebatur,
972 1192 1024 1253 sed
1035 1194 1168 1255 universi

207 1270 294 1333 simul
309 1291 418 1350 negare
433 1274 576 1335 nobilium
591 1274 621 1335 id
635 1276 749 1334 crimen
765 1292 843 1344 esse,
862 1275 968 1353 quibus
981 1277 1007 1335 si
1020 1274 1101 1336 nulla
1112 1275 1166 1336 ob-

207 1365 299 1417 stetur
315 1357 419 1418 iraude
434 1366 532 1437 pateat
546 1360 591 1418 via
606 1357 643 1418 ad
656 1358 815 1428 bonorem,
836 1357 889 1418 sed
907 1357 1059 1419 bominum
1074 1376 1166 1418 novo·

166 1445 198 1496 12
208 1457 285 1502 rum.
314 1442 394 1520 ipsos
415 1442 487 1502 adeo
502 1442 674 1502 dictatorem
694 1443 924 1520 magistrumque
945 1443 1076 1518 equitum
1096 1460 1166 1503 reos

205 1525 298 1602 magis
312 1542 401 1603 quam
417 1526 598 1604 quaesitores
611 1524 734 1584 idoneos
751 1526 813 1584 eius
831 1526 963 1586 criminis
979 1543 1058 1594 esse,
1075 1523 1164 1586 intel-

166 1605 395 1686 lalecturosque
416 1609 456 1668 ita
475 1606 506 1666 id
528 1626 607 1678 esse,
629 1605 715 1668 simul
736 1609 907 1686 magistratu
928 1607 1066 1670 abissent.
1101 1616 1166 1670 tum

207 1691 285 1750 enim
306 1707 376 1749 vero
390 1690 535 1761 Maenius,
557 1691 616 1750 iam
635 1691 730 1750 lamae
750 1693 843 1768 magis
860 1710 947 1770 quam
967 1692 1084 1770 imperii
1102 1709 1165 1752 me-

166 1780 199 1831 14
209 1791 289 1842 mor,
305 1790 479 1851 progressus
492 1775 523 1833 in
541 1774 707 1833 contionem
723 1775 763 1834 ita
778 1773 866 1836 vcrba
882 1775 964 1834 lecit:
994 1783 1050 1845 „et
1061 1792 1166 1836 omnes
1260 1811 1261 1856 p

207 1862 372 1916 anteactae
388 1859 463 1917 vitae
479 1875 530 1917 vos
548 1859 680 1916 conscios
697 1855 805 1928 habeo,
827 1859 968 1929 Quirites,
990 1864 1019 1918 et
1038 1858 1087 1917 hic
1100 1859 1166 1937 ipse

206 1940 301 2000 honos
315 1938 428 2001 delatus
444 1940 480 2001 ad
500 1959 549 2002 me
569 1942 651 2001 testis
673 1947 717 2000 est
736 1942 922 2002 innocentiae
941 1959 1038 2002 meae:
1066 1959 1164 2022 neque

206 2025 299 2093 enim,
325 2023 403 2102 quod
419 2041 506 2102 saepe
522 2023 606 2095 aliae,
627 2025 695 2103 quia
712 2025 752 2085 ita
772 2033 906 2104 tempora
918 2023 1105 2103 postulabant
1118 2026 1165 2084 rei

205 2106 354 2186 publicae,
371 2109 421 2186 qui
434 2106 512 2168 bello
525 2106 703 2168 clarissimus
716 2116 806 2179 esset,
823 2108 876 2168 sed
889 2109 940 2186 qui
953 2109 1079 2169 maxime
1093 2125 1164 2186 pro·
1200 2155 1205 2174 .

206 2189 253 2250 cul
275 2189 311 2251 ah
332 2189 378 2251 his
400 2191 575 2268 coitionibus
594 2193 682 2252 vitam
703 2193 824 2269 egisset,
845 2191 970 2252 dictator
992 2190 1165 2269 deligendus

164 2281 196 2332 15
209 2273 381 2335 exercendis
399 2273 617 2355 quaestionibus
631 2274 694 2336 luit.
724 2275 776 2335 sed
792 2276 929 2354 quoniam
945 2275 1063 2354 quidam
1078 2273 1166 2335 nobi·

204 2356 248 2417 les
262 2349 397 2418 homines
413 2377 522 2438 -qua
539 2358 575 2419 de
587 2376 686 2429 causa,
703 2376 753 2417 vos
764 2360 931 2418 existimare
942 2377 1030 2438 quam
1044 2376 1093 2418 me
1108 2376 1166 2438 pro

204 2443 376 2518 magistratu
387 2443 542 2521 quicquam
554 2443 760 2520 inconpertum
770 2443 868 2502 dicere
879 2442 983 2504 melius
995 2451 1038 2502 est
1047 2476 1091 2490 -
1101 2444 1163 2521 pri·
1260 2503 1261 2525 ,

204 2542 286 2586 mum
308 2526 386 2603 ipsas
403 2542 572 2605 expugnare
590 2526 774 2602 quaestiones
797 2527 878 2584 omni
893 2544 949 2605 ope
968 2525 1063 2588 adnisi
1085 2535 1166 2606 suut,
1260 2537 1261 2540 ’

164 2607 288 2679 todein,
309 2617 464 2688 postquam
482 2608 519 2669 ad
536 2608 565 2668 id
588 2626 692 2686 parum
713 2615 848 2685 potentes
867 2617 965 2679 erant,
989 2627 1027 2668 ne
1044 2626 1160 2669 causam
1260 2623 1261 2630 ¹

205 2689 352 2762 dicerent,
367 2694 398 2752 in
409 2691 555 2772 praesidia
567 2690 815 2762 adversariorum,
832 2692 1057 2772 appellationem
1069 2700 1099 2751 et
1110 2692 1161 2752 tri·

166 2781 195 2829 ιτ
207 2772 358 2835 bunicium
370 2775 522 2844 auxilium,
537 2775 653 2854 patricii
665 2775 874 2853 confugerunt,
889 2784 1039 2855 postremo
1051 2774 1166 2854 repulsi
1260 2805 1261 2862 j

204 2856 274 2915 inde
289 2891 332 2902 -
347 2857 421 2918 adeo
436 2859 533 2918 omnia
554 2859 676 2929 tutiora,
697 2877 784 2938 quam
806 2867 838 2920 ut
858 2861 1057 2920 innocentiam
1079 2877 1159 2920 suam

204 2948 379 3018 purgarent,
397 2942 457 3002 visa
471 2952 507 2986 '-
519 2943 551 3001 in
563 2959 617 3002 nos
629 2942 800 3013 inruerunt,
817 2952 846 3004 et
858 2945 978 3023 privatis
990 2943 1161 3003 dictatorem

163 3030 195 3082 18
205 3041 328 3102 poscere
342 3043 427 3086 reum
438 3024 631 3086 verecundiae
647 3043 707 3085 non
721 3025 787 3086 luit:
804 3035 836 3088 ut
845 3046 948 3088 omnes
959 3027 999 3087 dii
1013 3026 1162 3086 homines·

205 3127 261 3187 que
282 3111 375 3170 sciant
394 3108 430 3170 ab
452 3109 509 3170 illis
529 3111 618 3171 etiam
633 3127 707 3190 quae
728 3128 788 3170 non
809 3114 924 3190 possint
945 3110 1098 3189 temptari,
1124 3126 1162 3168 ne
1260 3156 1261 3200 p

204 3193 348 3256 rationem
361 3195 436 3254 vitae
457 3194 597 3264 reddant,
622 3212 671 3254 me
687 3192 800 3254 obviam
818 3197 862 3256 ire
879 3195 995 3258 crimini
1010 3201 1039 3254 et
1054 3193 1161 3252 oiierra

164 3281 194 3334 ta
206 3295 253 3336 me
266 3277 393 3338 inimicis
407 3296 505 3351 reum,
521 3279 664 3339 dictatura
680 3295 728 3338 me
743 3275 857 3340 abdico.
890 3297 941 3339 vos
952 3295 1073 3356 quaeso,
1091 3293 1161 3336 con-

206 3359 299 3428 sules,
322 3362 347 3421 si
369 3361 450 3420 vobis
466 3362 565 3423 datum
583 3359 621 3421 ab
641 3367 744 3423 senatu
765 3364 916 3438 negotium
937 3361 1040 3430 luerit,
1061 3361 1093 3420 in
1114 3377 1166 3421 ma

204 3443 333 3519 primum
355 3452 384 3502 et
407 3445 486 3505 hunc
506 3447 545 3507 Μ.
567 3441 696 3504 Foslium
718 3447 904 3523 quaestiones
924 3445 1104 3514 exerceatis,
1130 3453 1166 3504 ut
