2532 3938
243 256 244 260 =
337 237 431 280 nmen
444 239 503 280 vn.
526 235 594 280 cnr.
614 225 713 278 1415.
733 215 772 298 [a.
790 219 824 280 O.
839 217 901 300 358]

139 397 255 466 tempus
267 385 418 465 pugnandi
433 394 614 464 sumpturos,
636 389 660 444 si
678 384 713 444 ab
730 386 907 464 imperatore
924 404 982 446 non
1000 385 1094 446 detur.

140 470 209 531 dum
225 471 298 530 baec
313 469 487 548 loquuntur,
503 471 632 528 iumenta
645 468 720 529 iorte
730 471 878 546 pascentia
894 479 974 529 extra
991 467 1094 529 vallum
1110 478 1127 526 t

134 553 221 615 -Gallo
246 553 375 630 abigenti
399 553 457 612 dno
478 552 586 612 milites
607 552 732 612 llomani
760 551 943 612 ademerunt.
986 555 1016 611 in
1044 571 1095 612 eos

138 656 213 714 sara·
223 639 354 696 coniecta
375 655 391 697 a
407 636 511 712 Gallis,
530 635 635 695 deinde
650 635 687 694 ab
698 635 828 696 Romana
844 639 968 697 statione
984 635 1094 696 clamor

138 729 222 781 ortus
244 738 279 780 ac
300 738 475 798 procursum
496 720 645 797 utrimque
668 728 720 780 est.
757 721 874 798 iamque
894 719 972 780 baud
991 717 1127 798 proruit

138 806 216 864 lusto
231 802 345 883 proelio
360 822 408 863 res
428 811 526 873 erant,
548 804 578 861 ni
596 801 732 862 celeriter
748 803 924 882 diremptum
946 812 1093 864 certamen

138 904 193 967 per
211 888 398 946 centuriones
412 894 498 948 esset.
531 886 682 946 adtirmata
698 895 778 946 certe
791 905 826 946 eo
843 906 910 947 casu
926 885 1002 947 Tulli
1018 884 1093 964 apud

140 971 312 1030 dictatorem
327 970 400 1030 fides
418 980 474 1039 est,
496 987 552 1030 nec
567 971 728 1048 recipiente
748 971 807 1030 iam
830 971 999 1030 dilationem
1016 970 1095 1029 rein
1155 979 1157 983 ’

138 1062 289 1133 posterum
305 1053 383 1114 diem
400 1053 525 1114 edicitur
540 1055 601 1114 acie
620 1062 810 1131 pugnaturos.
845 1053 970 1130 dictator
984 1064 1091 1122 tamen,
1109 1059 1128 1110 o

137 1139 235 1217 utqui
249 1139 342 1214 magis
356 1138 461 1198 animis
473 1155 560 1216 quam
577 1137 688 1197 viribus
704 1137 797 1199 fretus
819 1138 855 1198 ad
871 1147 1020 1198 certamen
1043 1135 1093 1196 de·

139 1222 312 1291 scenderet‚
330 1222 427 1282 omnia
442 1222 670 1299 circumspicere
690 1228 778 1300 atque
795 1223 905 1299 agitare
929 1222 1039 1300 coepit,
1063 1227 1095 1280 ut

139 1313 201 1366 arte
226 1304 321 1382 aliqua
341 1311 486 1366 terrorem
507 1303 640 1364 hostibus
664 1306 818 1365 incuteret.
856 1304 968 1365 sollerti
997 1305 1094 1363 animo

138 1407 201 1449 rem
219 1407 323 1448 noram
340 1390 503 1465 excogitat,
530 1406 586 1466 qua
601 1387 707 1448 deinde
723 1387 807 1447 multi
824 1391 915 1448 nostri
937 1397 1023 1466 atque
1044 1405 1093 1446 ex·

139 1474 217 1534 terni
232 1473 440 1550 imperatores,
457 1479 556 1532 nostra
568 1489 685 1550 qnoque
696 1473 814 1549 quidam
830 1479 938 1541 aetate,
953 1471 999 1531 usi
1016 1476 1093 1528 sunt.

139 1554 225 1615 mulis
243 1562 332 1616 strata
349 1554 462 1616 detrahi
476 1555 558 1616 iubet
572 1555 707 1634 binisque
720 1562 832 1616 tantum
848 1553 1033 1616 centunculis
1047 1571 1094 1612 re·
1110 1561 1126 1610 7

139 1637 215 1700 lictis
230 1656 371 1718 agasones
386 1641 492 1717 partim
514 1640 634 1717 captivis
648 1640 756 1717 partim
771 1657 927 1718 aegrorum
941 1639 1031 1698 armis
1046 1655 1093 1696 or·

139 1731 223 1784 natos
237 1724 360 1802 inponit.
376 1722 422 1782 bis
438 1723 500 1782 lere
511 1723 590 1782 mille
602 1722 712 1783 effectis
727 1731 844 1784 centurn
856 1723 997 1783 admiscet
1013 1722 1093 1800 equi·
1109 1726 1126 1776 8

139 1815 197 1876 tes,
215 1813 245 1866 et
262 1813 348 1866 nocte
369 1824 459 1885 super
480 1813 576 1867 castra
592 1807 624 1865 in
642 1815 758 1868 montes
774 1808 896 1868 evadere
919 1825 952 1868 ac
970 1803 1049 1864 silvis
1063 1821 1094 1862 se

140 1889 288 1950 occultare
305 1889 383 1950 iubet
400 1907 495 1968 neque
509 1889 578 1949 inde
593 1897 659 1951 ante
671 1893 797 1960 moveri,
815 1909 903 1969 quam
916 1889 951 1948 ab
968 1907 999 1949 se
1011 1905 1093 1948 acce·

138 1974 237 2052 periut
251 1975 376 2051 signum.
408 1974 486 2054 ipse,
510 1973 560 2034 ubi
582 1971 701 2044 inlusit,
721 1975 754 2034 in
780 1972 930 2034 radicibus
950 1972 1126 2032 montium9

139 2057 298 2118 extendere
313 2058 406 2118 aciem
423 2059 520 2135 coepit
539 2056 656 2128 sedulo,
682 2065 714 2118 ut
731 2057 869 2118 adversus
890 2063 1006 2116 montes
1025 2072 1093 2114 con·

138 2142 256 2201 sisteret
266 2141 368 2202 bostis.
393 2142 537 2200 instructo
544 2141 610 2200 vani
623 2143 746 2201 terroris
757 2148 907 2220 apparatu,
919 2137 1095 2219 quiquidem
1104 2143 1138 2196 10

138 2233 236 2285 terror
247 2223 313 2304 plus
327 2223 622 2302 paeneverisriribus
632 2223 751 2301 proluit,
766 2226 863 2302 primo
874 2223 997 2282 credere
1006 2221 1095 2280 duces

139 2306 289 2369 Gallorum
310 2324 370 2367 non
389 2307 583 2366 descensuros
601 2307 632 2364 iu
654 2325 778 2385 aequum
793 2307 956 2374 llomanos;
979 2303 1094 2373 deinde,

139 2390 190 2450 ubi
208 2390 363 2470 degressos
383 2397 505 2466 repente
528 2389 678 2460 viderunt,
701 2398 730 2451 et
750 2391 806 2467 ipsi
829 2389 902 2449 avidi
924 2388 1095 2448 certaminis

139 2476 171 2534 lu
186 2476 331 2554 proelium
349 2482 454 2542 ruunt,
472 2475 612 2552 priusque
626 2491 724 2552 pugna
748 2473 858 2553 coepit,
875 2491 962 2552 quam
978 2473 1093 2548 signum

139 2557 175 2619 ab
194 2558 317 2618 ducibus
332 2559 461 2618 daretur.
504 2556 563 2618 XV.
597 2558 700 2618 Acrius
714 2559 847 2618 invasere
864 2556 938 2616 Galli
960 2555 1094 2614 doxtrum
1113 2563 1125 2612 t

139 2659 246 2710 cornu;
264 2660 359 2721 neque
371 2642 509 2702 sustineri
522 2642 698 2720 potuissent,
713 2643 744 2701 ni
757 2641 834 2702 sorte
845 2659 880 2702 eo
892 2639 957 2700 loco
972 2639 1095 2698 dictator

138 2725 249 2796 luisset,
263 2727 329 2786 Sex.
346 2725 474 2788 Tullium
489 2726 608 2786 nomine
622 2727 779 2804 increpans
790 2726 987 2804 rogitansque,
1004 2723 1095 2784 sicine

139 2817 320 2889 pugnaturos
342 2809 449 2870 milites
471 2801 693 2888 spopondisset?
731 2807 781 2870 ubi
801 2808 843 2870 illi
867 2807 1011 2870 clamores
1038 2808 1127 2866 sinte

139 2911 219 2954 arma
232 2896 425 2972 poscentium,
442 2891 493 2953 ubi
508 2893 612 2963 minae,
627 2893 739 2954 iniussu
750 2894 937 2973 imperatoris
950 2891 1095 2972 proelium

49 2991 52 2994 ·
138 2977 281 3038 inituros?
297 2995 334 3037 en
345 2979 441 3058 ipsum
455 2975 664 3055 imperatorem
673 2976 750 3040 clara
760 2995 831 3038 voce
842 2995 947 3040 vocare
959 2977 995 3036 ad
1007 2993 1093 3054 proe-

140 3058 210 3118 lium
228 3067 257 3119 et
269 3061 314 3120 ire
328 3068 471 3122 armatum
490 3067 557 3120 ante
576 3061 672 3140 prima
686 3061 782 3140 signa!
805 3063 906 3141 ecquis
921 3066 1095 3139 sequeretur

140 3159 256 3212 eorum,
275 3145 325 3221 qui
345 3144 431 3206 modo
453 3144 568 3204 ducturi
590 3144 716 3214 luerint,
737 3146 767 3204 iu
792 3146 895 3205 castris
912 3143 1042 3210 feroces,
1064 3143 1095 3199 iu

139 3227 202 3287 acie
217 3225 329 3305 pavidi?
344 3246 412 3288 vera
433 3227 603 3288 audiebant:
622 3230 719 3307 itaque
734 3235 831 3288 tantos
847 3226 943 3306 pudor
963 3221 1126 3286 stimulosa

139 3308 281 3381 admovit,
299 3319 332 3371 ut
349 3318 472 3372 ruerent
487 3312 517 3370 in
540 3311 666 3371 bostium
688 3309 746 3372 tela
765 3311 897 3371 alienatis
918 3328 934 3370 a
954 3308 1095 3369 memoria

139 3393 264 3472 periculi
279 3396 393 3456 animis.
424 3395 472 3454 bic
488 3395 584 3473 primo
601 3396 728 3473 impetus
743 3412 835 3472 prope
850 3396 952 3454 vecors
969 3391 1096 3454 turbavit

139 3477 251 3550 hostes,
265 3497 355 3560 eques
371 3478 477 3540 deinde
495 3479 618 3538 emissus
632 3477 764 3541 turbatos
779 3478 891 3539 avertit.
925 3478 987 3558 ipse
1006 3475 1095 3536 dicta·
1111 3485 1127 3533 4
