2542 3956
223 220 287 284 290
401 235 495 276 remen
509 235 586 276 xxir.
603 235 671 278 our.
688 221 731 275 31.
746 221 790 275 32.
807 212 846 296 [a.
859 238 890 277 u.
906 237 933 276 e.
948 213 1012 296 tat]

188 390 215 442 e
287 381 426 444 Omnium
442 401 537 462 prope
559 381 680 444 annales
700 383 825 444 Fabium
850 383 1024 444 dictatorem
1044 382 1192 444 adversus

224 466 418 528 llanuibalem
443 485 508 528 rem
537 469 662 546 gessisse
687 466 821 536 traduut;
854 465 971 530 Coelius
997 467 1087 528 etiam
1115 485 1190 527 eum

193 552 354 630 optimum
370 571 387 613 a
402 550 512 630 populo
527 557 659 612 creatum
673 550 847 612 dictatorem
862 551 975 612 scribit
1001 549 1096 610 sedet
1110 550 1190 612 cce-

223 633 297 695 lium
320 643 351 696 et
369 642 485 696 ceteros
505 635 581 714 fugit
599 636 652 696 uni
672 634 787 696 consuli
808 635 861 698 Cn.
884 633 1022 704 Servilio,
1045 635 1098 712 qui
1122 642 1190 694 tum

224 719 329 797 procul
343 720 375 779 in
386 718 477 781 Gallia
493 720 644 798 provincia
658 717 774 788 aberet,
792 720 838 780 ius
852 718 943 779 luisse
957 717 1076 778 dicendi
1093 717 1189 778 dicta·

181 807 217 858 to
230 803 318 871 toris;
334 820 422 881 quam
437 821 551 864 morem
567 805 636 883 quia
651 809 807 880 expectare
823 804 926 862 territa
943 802 1002 862 iam
1018 799 1101 862 clade
1117 803 1189 862 civi-

225 893 270 946 tas
285 904 345 947 nou
360 893 491 966 poterat,
512 905 548 946 eo
564 885 721 946 decursum
737 894 795 957 cst,
819 893 852 946 ut
866 903 883 946 a
897 885 1006 964 populo
1022 896 1188 954 crearetur,

185 974 214 1026 11
228 971 279 1049 qui
292 988 348 1049 pro
366 971 509 1030 dictatore
524 977 616 1038 esset;
632 987 680 1029 res
694 969 764 1030 iude
783 977 881 1048 gestes
891 968 1076 1049 gloriamque
1094 970 1188 1046 iusig-

228 1071 297 1114 nem
318 1052 400 1113 ducis
417 1060 446 1113 et
464 1055 598 1130 augentis
615 1052 732 1113 titulum
744 1055 882 1132 imaginis
902 1061 1054 1132 posteros,
1082 1053 1187 1132 utqui

224 1153 281 1214 pro
292 1135 435 1196 dictatore
447 1137 565 1214 suaset,
579 1139 707 1197 dictator
718 1137 898 1206 crederetur,
911 1136 996 1197 lacile
1012 1135 1185 1197 obtinuisse.

203 1226 217 1276 1
291 1217 405 1280 llllllll.
442 1217 582 1281 Consules
603 1220 707 1280 Atilius
728 1219 860 1280 Fabiano
880 1220 1021 1280 Geminus
1044 1219 1187 1281 Servilius

225 1303 393 1364 Minuciano
408 1305 539 1364 exercitu
561 1313 682 1383 accepto
702 1301 901 1364 hibernaculis
921 1311 1037 1364 mature
1053 1321 1186 1364 commu·

226 1386 295 1446 uitis
312 1420 349 1432 -
362 1387 492 1448 medium
503 1389 636 1450 autumni
647 1395 711 1448 erat
724 1420 766 1430 —
777 1386 850 1448 Fabi
865 1386 1054 1448 ictibuscum
1070 1405 1186 1448 summa

196 1471 303 1531 tinter
313 1489 345 1531 se
360 1471 519 1532 concordia
529 1469 641 1532 bellum
651 1479 815 1549 gesserunt.
842 1471 1055 1532 frumentatum
1067 1473 1187 1531 exeunti

226 1552 382 1615 Hannibali
392 1554 513 1614 diversis
525 1554 598 1615 loeis
608 1556 766 1635 opportuni
777 1554 900 1614 aderant
911 1562 1068 1633 carpentes
1079 1571 1186 1632 agmen

226 1636 396 1716 palatosque
421 1640 613 1716 excipientes:
635 1640 666 1698 iu
688 1655 789 1700 casum
803 1641 957 1698 universae
979 1638 1184 1706 dimicationis,

227 1739 314 1798 quam
343 1721 480 1781 omuibus
511 1721 623 1782 artibus
651 1721 771 1799 petebat
795 1723 901 1792 hostis,
931 1739 992 1782 non
1013 1721 1184 1781 veniebant:
1253 1783 1254 1806 χ

196 1803 359 1883 aadcoque
378 1804 478 1881 inopia
502 1813 547 1863 est
562 1812 680 1865 coactus
696 1804 857 1874 Hannibal,
879 1813 913 1864 ut
932 1807 990 1865 nisi
1010 1822 1078 1865 cum
1100 1805 1184 1882 fugae
1253 1815 1254 1854 l

226 1887 325 1966 specie
337 1885 505 1947 abeundum
516 1889 669 1956 timuisset,
681 1887 803 1950 Galliam
815 1891 993 1968 repetiturus
1004 1887 1097 1948 luerit
1108 1888 1183 1948 nulla
1253 1880 1254 1898 ¹

226 1970 328 2032 relicta
343 1989 395 2048 spe
406 1969 504 2031 alendi
517 1975 663 2032 exercitus
675 1973 706 2031 in
721 1974 764 2032 eis
774 1971 860 2042 locis,
875 1975 901 2032 si
912 1975 1102 2052 insequentes
1116 1991 1183 2032 con·

227 2054 305 2116 sules
321 2054 432 2115 eisdem
447 2055 559 2117 ortibus
575 2055 685 2116 bellum
703 2065 852 2130 gererent

197 2145 223 2194 4·
290 2139 361 2198 Cum
377 2139 413 2199 ad
429 2138 608 2200 Gereonium
629 2142 687 2201 iam
704 2139 801 2200 hicum
821 2138 990 2218 inpediente
1006 2141 1185 2200 constitisset
1253 2185 1254 2198 ,

226 2220 352 2288 bellum,
368 2221 551 2300 Neapolitani
562 2222 651 2302 legati
665 2223 789 2284 Romam
804 2239 921 2283 venere.
954 2222 1041 2282 abiis
1058 2223 1185 2302 quadra·
1253 2224 1254 2284 l

227 2307 306 2384 ginta
318 2314 438 2384 paterae
446 2322 552 2366 aureae
561 2309 661 2386 magni
668 2305 809 2387 ponderis
815 2307 846 2366 in
854 2307 966 2366 curiam
981 2305 1185 2387 inlatoeatque
1253 2303 1254 2361 l

195 2392 267 2449 uita
277 2387 367 2449 verba
378 2389 462 2460 lacta,
474 2399 508 2450 ut
517 2390 665 2452 dicerent:
682 2392 759 2451 scire
772 2407 836 2450 sese
847 2388 947 2469 populi
962 2390 1094 2450 Romani
1103 2409 1185 2450 aera·

139 2509 144 2516 ·
226 2475 304 2534 rium
319 2470 397 2532 bello
412 2473 575 2543 exhauriri,
598 2482 637 2546 et,
659 2492 725 2535 cum
739 2476 820 2534 iuxta
833 2492 888 2551 pro
903 2472 1026 2533 urbibus
1048 2475 1186 2554 agrisque
1253 2479 1254 2570 l

227 2558 375 2618 sociorum
393 2575 428 2618 ac
447 2575 504 2636 pro
524 2560 619 2638 capite
637 2567 724 2638 atque
745 2575 813 2618 erce
827 2555 942 2627 ltaliae,
964 2557 1038 2618 tube
1052 2559 1185 2618 Romana
1253 2591 1254 2616 l

197 2647 314 2720 datque
337 2641 477 2718 imperio,
497 2650 632 2720 geretur,
656 2659 780 2721 aequom
802 2641 950 2701 censuisse
965 2641 1185 2720 Neapolitanos,

227 2725 306 2802 quod
319 2725 383 2786 auri
404 2723 460 2784 sibi
475 2743 541 2786 eum
557 2727 593 2787 ed
617 2724 794 2805 templorum
815 2732 952 2785 ornatum
976 2732 1038 2784 tum
1061 2726 1099 2784 ed
1115 2725 1185 2785 sub·
1253 2739 1254 2798 l

227 2806 335 2866 sidium
362 2806 498 2868 fortunae
519 2827 536 2868 u
561 2809 722 2870 maioribus
744 2807 880 2869 relictum
903 2807 996 2878 toret,
1024 2827 1060 2868 eo
1083 2810 1185 2869 iuvare
1253 2807 1254 2862 l

198 2889 368 2968 tpopulum
388 2891 563 2952 ltomunum.
605 2895 741 2972 siquam
761 2910 848 2972 opem
870 2893 901 2951 in
928 2910 993 2953 sese
1016 2891 1183 2960 crederent,
1253 2933 1254 2938 κ

227 2972 331 3035 eodem
348 2972 445 3034 studio
465 2973 555 3034 luisse
570 2973 730 3042 oblaturos.
758 2983 876 3054 gratum
890 2975 947 3035 sibi
962 2985 1062 3054 patres
1075 2975 1183 3036 Roma·
1253 2989 1254 3064 p

227 3075 282 3119 nos
295 3055 495 3138 populumque
510 3057 669 3129 lucturum,
690 3061 716 3120 si
736 3077 840 3121 omnes
861 3077 910 3120 res
923 3059 1182 3139 Neapolitanorum
1253 3079 1254 3124 l

198 3147 294 3203 tsuas
309 3142 473 3213 duxissent,
491 3142 653 3223 dignosque
667 3143 875 3214 iudicaverint,
889 3142 926 3205 ab
943 3142 1049 3222 quihus
1063 3143 1181 3213 donum,

227 3227 325 3286 auimo
340 3243 374 3286 ac
389 3225 537 3288 voluntate
548 3247 664 3300 eorum,
681 3230 731 3308 qui
760 3227 890 3289 libentes
907 3227 1029 3298 darent,
1041 3245 1131 3307 quam
1150 3245 1182 3287 re
1253 3241 1254 3264 ³

196 3310 319 3369 tmaius
339 3308 536 3389 ampliusque,
557 3313 733 3391 acciperent.
762 3311 864 3390 legatis
885 3313 997 3388 gratiae
1017 3318 1101 3371 actae
1129 3329 1182 3390 pro

227 3391 425 3530 munidtgentia
444 3410 586 3472 curaque;
603 3404 718 3470 patere,
744 3413 818 3474 quae
835 3393 976 3474 ponderis
990 3394 1107 3455 minimi
1120 3393 1182 3459 luit,

228 3487 317 3547 accep
350 3517 357 3530 .
1253 3489 1254 3492 ’
