2542 3956
307 209 401 253 umus
416 211 506 254 xxm.
523 209 591 253 our.
608 197 651 252 13.
672 199 712 250 tt.
730 187 770 272 [a.
787 193 822 256 0.
837 190 899 274 tlt]
1018 196 1079 260 331

115 357 219 434 „nihil
234 357 349 420 facilius
365 361 441 420 scitu
456 365 527 418 est“
543 359 648 437 inquit.
678 377 812 438 „ecquos
826 358 939 437 legatos
949 359 986 420 ad
1000 359 1080 419 Han·

115 442 247 522 nibalem
259 443 385 504 Romani
396 443 541 502 miserunt
554 440 591 502 de
605 443 696 520 pace?
725 459 847 523 coquam
860 442 985 523 denique
996 459 1080 504 men·
1102 471 1105 474 ·

115 529 231 590 tionem
254 527 336 606 pacis
358 526 470 587 Romae
493 525 599 586 laetam
622 544 686 587 esse
710 525 837 588 adlatum
862 527 899 588 ad
921 546 972 588 vos
993 527 1079 587 esti“

117 607 189 673 cum
204 611 236 671 id
257 628 374 692 quoque
404 618 554 688 negasset,
581 609 718 680 „bellum
739 611 854 688 igitnr“
874 611 971 691 inquit
993 617 1108 680 „tamt

115 697 270 774 integrum
285 693 443 764 habemuS,
461 713 548 774 quam
564 693 734 765 habuimus,
752 713 807 774 qua
826 694 873 754 die
887 691 1034 755 Hannibal
1049 695 1080 753 iu

114 777 231 840 ltaliam
245 785 289 838 est
300 785 511 855 transgressus.
533 797 621 858 quam
636 779 715 838 varia
725 779 846 839 victoria
861 781 961 858 priore
968 777 1108 839 Punicot

115 861 198 924 bello
209 862 307 938 luerit,
321 860 456 942 plerique
472 864 523 942 qui
532 862 755 924 meminerimus
767 881 967 941 supersumus.
994 879 1079 922 num·

118 964 208 1026 quam
230 957 311 1008 terra
332 947 467 1024 marique
491 949 585 1024 magis
609 965 770 1025 prosperae
795 965 843 1007 res
862 953 980 1007 nostrae
1000 947 1080 1005 visae

117 1038 201 1101 sunt,
228 1048 315 1110 quam
337 1037 405 1090 ante
428 1030 563 1092 consules
579 1029 610 1091 C.
631 1029 779 1092 Lutatium
801 1039 830 1092 et
848 1031 880 1090 Α.
897 1029 1079 1091 Postumium

116 1114 253 1177 luerunt:
271 1111 386 1176 Lutatio
405 1121 435 1174 et
448 1113 599 1174 Postumio
617 1113 786 1176 consulibus
806 1114 914 1175 devicti
932 1113 968 1174 ad
986 1119 1107 1190 Aega-4

116 1199 155 1258 tis
173 1197 283 1260 insulas
302 1216 425 1259 sumus.
456 1198 588 1276 quodsi,
613 1196 644 1256 id
665 1197 745 1276 quod
767 1197 797 1257 di
824 1215 912 1258 omen
938 1203 1097 1266 avertant,

115 1299 198 1344 nuno
213 1299 330 1361 quoque
346 1281 466 1341 fortuna
481 1279 590 1360 aliquid
604 1283 775 1352 variaverit,
791 1289 854 1341 tum
865 1299 1078 1360 paeemspera-

119 1367 166 1435 tis,
182 1382 251 1426 cum
265 1368 426 1434 vincemur,
443 1382 531 1444 quam
547 1383 635 1436 nune,
653 1383 720 1425 eum
735 1366 888 1433 vincimus,
908 1364 957 1426 dat
972 1365 1078 1425 nemol

115 1467 189 1528 ego,
206 1451 232 1510 si
246 1450 311 1529 quis
328 1448 364 1509 de
381 1466 455 1528 pace
472 1447 607 1510 consulet
621 1467 675 1510 seu
697 1448 858 1508 deferenda
875 1447 1009 1508 hostibus
1027 1453 1108 1508 seut

118 1533 303 1612 accipienda,
319 1532 414 1594 habeo
429 1533 501 1612 quid
515 1536 679 1594 sententiae
694 1533 806 1594 dicam:
830 1534 854 1592 si
870 1532 906 1592 de
923 1532 984 1602 his,
1004 1549 1080 1611 quae

116 1618 203 1696 Mago
218 1616 361 1697 postulat,
376 1616 509 1687 refertis,
525 1635 581 1678 nec
595 1615 756 1678 victoribus
768 1619 845 1677 mitti
860 1617 992 1683 adtinere
1007 1623 1078 1695 puto

117 1708 147 1762 et
158 1701 369 1764 frustrantibus
376 1719 429 1762 uos
442 1700 755 1780 falsaatqueinanispe
768 1699 859 1762 multo
867 1702 964 1761 minus
972 1717 1079 1762 censeo

115 1787 260 1848 mittenda
276 1795 371 1846 esse.“
397 1785 477 1846 haud
491 1785 599 1847 multos
615 1787 706 1846 movit
719 1785 870 1846 Hannonis
886 1785 993 1855 oratio,
1009 1788 1107 1844 namo

118 1877 147 1930 et
158 1869 291 1930 simultas
298 1887 364 1930 eum
376 1869 618 1930 familiaBareina
628 1869 770 1946 leviorem
782 1877 933 1930 auctorem
944 1867 1078 1936 iaciebat,

117 1961 148 2015 et
164 1955 298 2033 occupati
314 1953 404 2014 animi
419 1955 569 2032 praesenti
584 1952 693 2014 laetitia
708 1951 791 2022 nihil,
809 1970 867 2030 quo
879 1953 982 2011 vanius
995 1951 1080 2010 fieret

116 2038 256 2118 gaudium
272 2056 371 2108 suum,
395 2036 515 2099 auribus
530 2036 736 2107 admittebant,
758 2033 995 2113 debellatumque
1009 2052 1078 2094 mox

115 2121 196 2194 lore,
209 2123 236 2183 si
251 2122 344 2182 adniti
357 2120 477 2199 paulum
489 2119 658 2190 voluissent,
673 2119 825 2180 rebantur.
852 2119 950 2197 itaque
965 2117 1106 2196 ingemit
1141 2194 1147 2202 ι

116 2223 264 2266 consensu
277 2205 311 2264 fit
323 2210 442 2264 senatus
458 2203 636 2274 consultum,
652 2210 685 2263 ut
698 2201 855 2264 Hannibali
869 2209 1006 2281 quattuor
1023 2203 1078 2262 mi·

115 2287 155 2348 lia
169 2287 363 2350 Numidarum
382 2289 414 2347 in
435 2285 673 2366 supplementum
694 2288 882 2348 mitterentur
905 2293 934 2346 et
952 2284 1078 2364 quadra·

116 2373 197 2451 ginta
215 2370 364 2451 elephanti
380 2378 409 2432 et
424 2372 539 2450 argenti
553 2370 663 2432 talenta
682 2369 718 2409 *¹*
734 2370 917 2449 dictatorque
935 2387 1002 2430 cum
1016 2369 1106 2432 lla-8

117 2473 194 2535 gone
205 2457 236 2516 in
251 2456 421 2535 llispaniam
439 2457 618 2535 praemissus
636 2461 681 2516 est
700 2454 738 2514 ad
762 2451 953 2515 conducenda
976 2455 1079 2530 viginti

115 2539 197 2601 milia
208 2539 356 2618 peditum,
379 2547 517 2619 quattuor
543 2541 690 2618 equitum,
717 2537 823 2617 quibus
843 2538 1004 2607 exercitus,
1029 2537 1079 2616 qui

7 2641 9 2704 ξ
115 2627 148 2687 in
160 2624 244 2686 ltalia
259 2626 367 2704 quique
381 2625 413 2683 in
432 2624 572 2704 Hispania
590 2631 689 2694 erant,
705 2621 923 2702 supplerentur.
1013 2677 1017 2686 ,

7 2751 9 2796 3
176 2708 250 2770 XIV.
288 2708 424 2770 Ceterum
444 2708 533 2778 haee,
555 2718 589 2768 ut
608 2709 640 2766 in
661 2706 798 2768 secundis
820 2705 925 2776 rebus,
948 2705 1104 2783 segniterl

7 2799 8 2868 Ϊ
117 2795 269 2873 otioseque
284 2801 380 2871 gesta:
398 2789 548 2855 Romanos
562 2799 681 2872 praetor
691 2792 811 2852 insitam
824 2789 1000 2850 industriam
1015 2789 1078 2850 ani·

116 2881 171 2940 mis
186 2879 304 2939 fortuna
329 2879 417 2939 etiam
432 2878 566 2939 cunctari
587 2874 774 2957 prohibebat.
815 2893 883 2935 nam
904 2891 960 2934 nec
975 2871 1079 2934 consul

116 2961 169 3022 ulli
183 2963 245 3031 rei,
270 2979 345 3040 quae
366 2981 421 3041 per
438 2980 505 3023 eum
521 2961 634 3041 agenda
651 2967 743 3030 esset,
769 2958 884 3030 deerat,
911 2965 940 3018 et
953 2956 1105 3017 dictator2

116 3045 154 3106 Μ.
173 3043 274 3104 lunius
290 3045 365 3106 Pera
385 3046 474 3106 rebus
499 3046 604 3106 divinis
626 3045 766 3123 perlectis
786 3043 920 3119 latoque,
948 3046 982 3099 ut
1003 3037 1079 3099 solet

7 3141 8 3186 t
118 3127 155 3189 ad
176 3126 332 3207 populum,
354 3136 388 3188 ut
406 3145 512 3206 equom
533 3127 693 3187 escendere
717 3124 834 3195 liceret,
860 3130 979 3202 praeter
1005 3121 1079 3182 duas

117 3210 246 3272 urbanas
261 3210 409 3288 legiones,
430 3229 505 3290 quae
526 3211 671 3290 principio
689 3209 760 3271 anni
779 3227 795 3268 a
813 3205 981 3269 consulibus
1006 3223 1077 3266 cou-

118 3297 245 3377 scriptae
266 3294 397 3366 inerant,
429 3303 459 3356 et
476 3311 629 3356 servorum
655 3293 793 3355 dilectum
820 3291 1016 3368 cohortesque
1041 3299 1105 3352 exa
1159 3366 1161 3370 y

118 3397 189 3458 agro
203 3373 313 3440 Piceno
329 3388 359 3441 et
373 3379 484 3441 Gallico
501 3377 648 3440 coniectas
662 3378 699 3438 ad
714 3375 849 3437 ultimum
864 3392 958 3454 propo
973 3374 1077 3454 despe-

119 3471 200 3526 ratae
213 3462 408 3545 reipublicae
422 3461 577 3536 auxilium,
601 3481 669 3524 oum
685 3462 809 3524 honesta
823 3459 943 3545 utilibus
958 3458 1078 3531 cedunt.
