2538 3946
198 189 260 252 228
345 145 439 244 crans
452 202 517 244 xxr.
529 201 598 243 333.
616 188 660 242 28.
676 188 720 240 29.
735 189 780 243 30.
796 180 837 262 [a.
852 204 883 244 u.
898 174 1002 263 3136]

197 353 301 412 tremis
316 349 352 411 ab
375 367 451 429 aqua
476 349 680 430 trepidationis
700 348 880 428 aliquantum
895 347 1037 419 edebant,
1060 347 1156 411 13333

177 406 328 514 lquietem
353 437 417 512 ipse
436 435 525 494 timor
555 431 867 511 circumspectantibus
895 449 1000 511 aquam
1026 431 1155 494 iecisset
1255 447 1256 486 l

157 525 191 577 12
202 517 338 579 excidere
353 518 440 578 etiam
455 518 617 577 saevientes
633 515 752 594 quidam
767 516 799 574 iu
813 515 937 586 llumeu,
957 514 1009 575 sed
1022 515 1156 594 pondere
1255 539 1256 590 3

198 603 263 680 ipso
280 599 399 662 stabiles
420 600 540 661 deiectis
562 599 728 661 rectoribus
749 598 924 679 quaerendis
945 597 1157 679 pedetemptim
1255 609 1256 688 l

198 684 279 746 vadis
295 688 327 744 in
342 693 454 745 terram
469 702 598 744 evasere.
1255 737 1256 754 ,

171 775 186 828 1
259 768 361 829 XXIX.
391 767 466 829 llum
489 767 639 846 elephanti
657 767 848 836 traiciuntur,
871 767 989 826 interim
1010 765 1159 826 Hannibal

198 851 339 914 Numidas
360 853 472 931 equites
500 853 677 930 quingentos
705 849 742 908 ad
767 856 862 911 castra
884 849 1016 910 llomana
1039 849 1161 910 miserat
1255 847 1256 906 l

200 927 390 1016 speculatum,
404 933 456 996 ubi
469 943 499 995 et
512 941 639 1013 quantae
651 934 752 1012 copiae
767 941 866 994 essent
879 940 910 993 31
923 932 993 1012 quid
1008 939 1159 1012 pararent.
1255 907 1256 958 l

172 1019 269 1080 ahuic
283 1018 346 1079 alae
361 1019 492 1098 equitum
503 1019 598 1089 missi,
614 1025 647 1078 ut
657 1023 725 1079 3313
740 1015 851 1078 dictu'm
862 1023 921 1087 331,
939 1015 976 1076 ab
989 1018 1064 1076 ostio
1078 1016 1160 1077 Rho·
1255 1013 1256 1044 l

200 1102 270 1162 dani
288 1103 415 1162 trecenti
435 1101 635 1162 Romanorum
658 1102 770 1180 equites
801 1108 969 1161 occurrrmt.
1012 1099 1161 1180 proelium

173 1187 331 1246 nunccius
346 1203 433 1264 quarn
446 1201 502 1265 pro
514 1203 638 1246 numero
649 1185 841 1264 pugnantium
857 1183 967 1244 editru:
989 1201 1059 1244 nam
1073 1201 1161 1262 prae·
1255 1195 1256 1198 ’

200 1276 247 1329 133
258 1267 350 1330 multa
365 1267 487 1330 vulnera
502 1268 607 1329 caedes
630 1270 719 1329 etiam
741 1285 835 1347 prope
853 1285 909 1347 par
925 1268 1075 1346 utrimque
1095 1267 1160 1336 1311,

200 1352 329 1431 fugaque
344 1361 374 1413 et
387 1371 478 1432 paror
491 1352 684 1414 Numidarum
700 1352 840 1412 Romanis
852 1354 912 1413 iam
927 1350 1087 1414 admodum
1101 1351 1161 1411 133-

200 1437 241 1496 313
261 1438 414 1498 rictoriam
439 1435 527 1497 dedit.
565 1437 691 1496 victores
716 1434 754 1496 31
775 1442 893 1505 centum
919 1436 1084 1514 sexaginta,
1105 1452 1163 1494 uec
1255 1439 1256 1494 l

202 1537 307 1580 omnes
322 1521 463 1590 Romani,
480 1518 533 1580 331
547 1536 617 1599 pars
631 1517 796 1590 Gallorum,
817 1519 886 1579 victi
901 1518 1026 1597 amplius
1041 1518 1164 1579 ducenti

175 1603 385 1664 tcecidcruut.
418 1603 475 1662 boc
493 1603 671 1681 principium
684 1601 771 1664 simul
788 1619 933 1682 omenque
948 1601 1019 1662 belli
1031 1608 1066 1663 ut
1080 1619 1162 1662 sum·
1255 1599 1256 1610 ’

201 1704 268 1747 mae
282 1704 383 1746 rerum
398 1702 576 1765 prosperum
587 1692 736 1756 eventum,
751 1687 791 1745 ita
802 1685 881 1746 haud
894 1703 964 1747 saue
975 1685 1164 1747 incruentam

202 1769 396 1847 ancipitisque
411 1769 581 1829 certaminis
595 1769 747 1828 victoriam
763 1767 901 1829 Romanis
917 1768 1076 1848 portendit.

176 1859 194 1912 3
267 1851 306 1914 Ut
320 1853 407 1912 reita
424 1858 506 1930 gesta
516 1850 554 1912 ad
567 1859 725 1931 utrumque
740 1851 846 1913 ducem
861 1853 907 1913 sui
923 1852 1089 1923 redierunt,
1107 1870 1165 1914 neo

204 1935 336 2015 Scipioni
349 1943 428 1996 stare
443 1937 588 1996 sententia
601 1941 732 2015 poterat,
754 1936 812 1996 uisi
832 1944 865 1997 ut
878 1953 915 1997 ex
929 1935 1058 1996 consiliis
1073 1953 1164 2015 coep·

177 2021 297 2099 detisque
316 2019 410 2081 hostis
430 2020 543 2097 etipse
563 2025 685 2080 conatus
706 2026 839 2098 caperet,
864 2026 893 2079 et
906 2017 1102 2080 Hannibalem
1116 2021 1164 2080 in·

191 2109 328 2173 §certum
344 2110 444 2164 utrum
463 2109 599 2182 coeptum
614 2103 647 2162 in
660 2101 774 2164 ltaliam
788 2101 955 2164 intenderet
968 2104 1027 2162 iter
1041 2121 1080 2164 an
1095 2121 1165 2164 cum

205 2203 255 2257 33,
279 2188 330 2266 qui
344 2188 458 2265 primus
478 2204 511 2246 33
534 2186 687 2248 ohurlisset
705 2187 855 2248 Romanus
877 2187 1040 2256 exercitus,
1056 2203 1167 2248 manus

204 2277 390 2342 consereret,
406 2271 512 2332 avertit
526 2288 543 2332 a
556 2272 707 2348 praesenti
716 2272 876 2331 certamine
891 2270 1033 2332 Heiorum
1049 2268 1167 2348 legato·

99 2427 103 2433 ἴ
189 2371 271 2429 ,rum
291 2353 445 2433 regulique
469 2353 574 2431 Magali
596 2354 753 2425 adrentus,
774 2355 826 2433 qui
846 2371 879 2414 se
901 2352 990 2415 duces
1010 2353 1166 2424 itinerum,

190 2439 301 2498 *socios
325 2436 451 2516 periculi
468 2437 533 2497 1333
559 2435 748 2501 adfirmantes
774 2439 891 2516 integro
916 2435 995 2498 hello
1016 2454 1167 2516 nusquam

176 2527 274 2582 tante
287 2520 385 2582 libatis
400 2520 511 2581 viribus
526 2519 639 2580 ltaliam
652 2520 883 2600 adgrediendam
901 2527 1032 2582 censent.
1063 2519 1168 2581 multi·

205 2603 276 2664 tudo
290 2603 413 2666 timebat
424 2604 543 2684 quidem
557 2605 672 2666 hostem
687 2604 820 2668 nondum
837 2603 1003 2666 oblitterata
1017 2605 1170 2666 memoria

205 2691 366 2765 superioris
379 2686 464 2758 belli,
487 2686 539 2748 sed
555 2689 650 2767 magis
663 2689 720 2749 iter
734 2690 901 2750 inmensum
915 2686 1075 2768 Alpesque,
1098 2705 1169 2749 rem

205 2770 282 2830 fama
295 2774 396 2849 utique
414 2773 574 2850 inexpertis
588 2770 782 2844 horrendam,
798 2771 957 2834 metuebat.

179 2857 191 2910 1
267 2852 355 2914 XXX.
386 2853 487 2932 ltaque
501 2851 661 2928 Hannibal,
681 2863 837 2936 postquam
850 2857 908 2934 ipsi
923 2854 1068 2916 sententia
1082 2856 1172 2915 stetit

206 2953 332 3016 pergere
347 2938 393 2997 ire
408 2943 495 3016 atque
510 2935 621 2998 ltaliam
637 2946 754 3017 petere,
780 2939 918 3001 advocata
933 2938 1070 3000 contione
1083 2941 1171 2998 varie

178 3019 331 3082 nmilitum
345 3027 443 3080 versat
457 3020 571 3081 animos
589 3021 758 3100 castigando
781 3022 1036 3102 adhortandoque:
1059 3022 1172 3082 mirari

206 3123 253 3176 se,
269 3106 388 3184 quinam
402 3112 524 3184 pectora
537 3123 656 3184 semper
676 3106 821 3186 impavida
841 3125 950 3186 repens
965 3114 1064 3167 terror
1080 3107 1171 3166 inva-

206 3189 285 3250 serit.
314 3208 368 3268 per
381 3196 426 3250 tot
441 3207 535 3250 anuos
551 3190 693 3250 vincentis
710 3209 761 3252 eos
773 3191 918 3272 stipendia
936 3190 1049 3260 133333,
1066 3206 1173 3268 neque

206 3277 274 3331 3313
288 3271 425 3351 Hispania
438 3274 605 3343 excessisse,
621 3292 709 3352 quam
725 3292 828 3336 omnes
840 3283 999 3354 gentesque
1012 3280 1042 3336 31
1052 3278 1171 3343 terrae,

208 3371 279 3429 quas
299 3352 355 3414 duo
379 3355 492 3417 diversa
512 3358 605 3416 maria
628 3356 855 3436 amplectantur,
878 3357 1173 3434 Carthaginiensium

180 3439 313 3493 3333331.
352 3436 517 3514 indignatos
546 3439 665 3510 131313,
695 3441 774 3520 quod
796 3443 973 3522 quicumque
999 3441 1175 3518 Saguntum
