2546 3936
307 228 401 270 omna
415 227 458 270 rx.
474 227 542 272 oar.
562 215 603 271 id.
619 214 662 271 tt.
679 204 720 291 [a.
736 209 772 274 0.
788 207 852 292 oto]
999 218 1059 280 111

99 379 192 440 luisse
206 377 319 445 ierunt,
337 383 367 436 et
381 393 433 436 seu
443 376 588 436 viriumri
601 395 654 438 seu
670 376 880 438 exercitatione
895 376 986 439 multa
1002 378 1061 440 cibi

97 464 218 541 vinique
233 459 361 521 eundem
377 462 615 538 capacissimum
638 478 693 521 nee
708 479 775 522 cum
791 459 851 521 ullo
868 464 1058 540 asperiorem,
1070 469 1103 522 lt

98 547 168 626 quia
180 547 243 623 ipse
253 545 354 604 invicti
369 543 406 604 ad
420 542 552 604 laborem
568 546 701 624 corporis
715 553 806 616 esset,
821 544 911 605 luisse
926 545 1059 606 militiam

99 629 193 710 pediti
215 629 328 707 pariter
351 628 510 707 equitique.
547 632 659 708 equites
687 631 775 690 etiam
796 628 951 707 aliquando
974 636 1103 689 ausostt

98 713 137 775 ab
155 730 191 773 eo
204 719 321 791 petere,
338 719 372 771 ut
386 710 443 770 sibi
457 729 512 790 pro
527 731 561 772 re
576 711 651 773 bene
667 722 749 791 gesta
760 713 874 774 laxaret
890 711 1000 791 aliquid
1017 711 1058 772 la·

97 797 199 864 boris:
222 795 328 875 quibus
343 795 407 856 ille:
429 842 447 865 „
455 813 493 854 ne
514 795 587 857 nihil
611 798 767 858 remissum
784 795 901 865 dicatis,
917 798 1104 857 remitto“lt

98 881 210 959 inquit,
227 896 290 948 „ne
300 881 401 959 utique
412 878 533 940 dorsum
545 879 750 952 demulceatis,
770 897 837 940 cum
856 898 893 940 ex
911 882 994 958 cquis
1009 880 1060 941 de·

99 962 280 1025 scendetis.“
296 969 325 1022 et
341 965 384 1022 vis
400 970 463 1023 erat
477 966 508 1023 in
524 982 559 1024 eo
574 965 636 1024 viro
652 965 769 1042 imperii
783 965 889 1041 ingens
904 965 1014 1043 pariter
1028 965 1060 1023 in

98 1048 196 1108 socios
216 1047 361 1126 civesque.
397 1047 605 1108 Praenestinus
625 1055 745 1126 praetor
765 1063 820 1127 per
840 1048 977 1109 timorem
994 1052 1102 1125 seg-17

98 1132 169 1191 nius
192 1148 228 1190 ex
251 1129 388 1190 subsidiis
406 1148 475 1191 suos
494 1130 617 1193 duxerat
634 1133 665 1190 in
686 1132 812 1210 primam
832 1133 942 1200 aciem;
972 1150 1060 1211 quem

100 1233 168 1276 oum
182 1213 369 1275 inambulans
386 1224 453 1274 ante
467 1213 690 1276 tabernaculum
705 1217 804 1276 vocari
818 1217 963 1286 iussisset,
978 1215 1061 1275 lioto-

98 1316 164 1360 rem
190 1297 329 1377 expedire
351 1317 485 1359 securem
506 1299 600 1360 iussit.
636 1297 783 1378 adquam
811 1316 912 1359 rocem
935 1298 1061 1360 exanimi
1073 1303 1104 1355 18

99 1389 196 1444 stante
207 1383 414 1443 Praenestinos
430 1381 584 1459 „agedum
597 1381 692 1452 lictor,
705 1382 808 1443 excide
820 1381 951 1442 radicem
963 1381 1061 1442 hano*

98 1467 196 1546 inquit
209 1465 451 1536 „incommodam
467 1465 722 1535 ambulantibus,“
736 1465 947 1546 perfusumque
965 1464 1061 1524 ultimi

99 1549 237 1630 supplicii
252 1557 331 1610 metu
345 1550 435 1609 multa
448 1549 525 1609 dicta
541 1549 659 1611 dimisit
691 1549 770 1611 haud
786 1547 874 1609 dubie
893 1548 942 1608 illa
957 1556 1060 1618 aetate,
1071 1551 1104 1603 to

100 1653 158 1713 qua
173 1632 253 1694 nulla
267 1634 406 1694 virtutum
423 1634 550 1694 feracior
567 1635 637 1705 luit,
652 1651 741 1694 nemo
754 1651 831 1694 unus
847 1641 911 1692 erat
926 1633 985 1702 vir,
1004 1650 1062 1711 quo

98 1719 194 1796 magis
209 1718 307 1778 innixa
324 1735 373 1778 res
387 1718 521 1778 llomana
540 1725 640 1778 staret.
671 1719 741 1797 quin
763 1735 831 1778 eum
852 1734 954 1794 parem
973 1715 1061 1776 desti·

99 1808 174 1862 nant
194 1802 299 1862 animis
320 1819 427 1878 magno
442 1801 608 1862 Alexandro
628 1802 748 1873 ducem,
769 1803 794 1861 si
811 1819 892 1862 arma
911 1802 979 1861 Asia
993 1817 1062 1879 per·

101 1885 211 1946 domita
226 1887 258 1945 in
273 1886 421 1964 Europam
438 1888 581 1944 vertisset.
1088 1879 1090 1883 ’

163 1967 249 2028 XVII.
278 1968 357 2030 Nihil
372 1970 471 2029 minus
488 1971 651 2047 quaesitum
667 1986 684 2029 a
699 1969 845 2048 principio
861 1967 949 2028 huius
963 1966 1087 2045 operisl

100 2051 194 2114 videri
205 2060 315 2132 potest,
331 2071 419 2132 quam
439 2061 472 2121 ut
492 2052 558 2131 plus
580 2055 656 2114 iusto
677 2053 714 2112 ab
734 2070 835 2114 rerum
852 2050 956 2112 ordine
972 2047 1062 2109 decli·

101 2155 206 2199 narem
227 2135 472 2216 varietatibusque
497 2136 704 2214 distinguendo
726 2153 817 2214 opere
842 2142 871 2195 et
897 2131 1063 2211 legentibus

100 2221 181 2282 velut
198 2219 375 2280 deverticula
391 2238 513 2280 amoena
539 2226 569 2279 et
585 2220 718 2298 requiem
737 2219 836 2278 animo
855 2234 922 2276 meo
939 2235 1063 2295 quaere·

101 2323 184 2366 rem:
200 2312 299 2367 tamen
313 2304 385 2364 tanti
399 2305 478 2381 regis
494 2321 528 2362 ae
543 2303 625 2363 ducis
641 2303 766 2372 mentio,
788 2299 895 2380 quihus
915 2316 1003 2378 saepe
1019 2307 1093 2359 ta·2

103 2391 169 2450 citis
188 2387 414 2467 cogitationibus
435 2386 561 2446 volutavi
582 2387 727 2455 animum,
759 2403 808 2444 eas
828 2389 929 2444 evocat
949 2383 981 2440 in
1001 2399 1063 2442 me·

102 2474 199 2540 dium,
216 2480 249 2533 ut
259 2489 402 2552 quaerere
418 2470 521 2541 libeat,
538 2471 657 2550 quinam
673 2476 795 2530 eventus
806 2468 948 2528 Romanis
962 2465 1061 2536 rebus,

102 2559 129 2619 si
144 2566 221 2618 cum·
234 2555 401 2616 Alexandro
422 2555 499 2614 ioret
521 2553 676 2624 bellatum,
700 2553 816 2613 iuturus
838 2551 937 2612 luerit.
972 2549 1093 2628 pluria

102 2659 185 2702 nmm
212 2641 243 2701 in
270 2637 348 2698 bello
369 2638 483 2717 pollere
503 2638 640 2699 videntur
659 2637 784 2706 militum
805 2636 889 2714 copia
914 2640 944 2693 et
962 2635 1063 2704 virtus,

102 2725 220 2803 ingenia
232 2725 455 2801 imperatorum,
471 2722 598 2792 fortuna,
610 2739 664 2801 per
676 2722 773 2781 omnia
784 2720 922 2788 humana,
934 2719 1064 2776 maxime

102 2810 136 2870 in
154 2826 203 2867 res
220 2805 341 2866 bellicas
358 2815 475 2882 potens.
510 2823 544 2864 ea
559 2812 589 2865 et
602 2801 717 2882 singula
737 2805 865 2865 intuenti
884 2808 913 2863 et
930 2803 1097 2863 universat

105 2893 180 2952 sicut
192 2889 227 2950 ab
239 2889 303 2951 aliis
319 2888 440 2966 regibus
452 2887 661 2968 gentibusque,
675 2889 716 2950 ita
728 2887 764 2949 ah
777 2888 834 2948 hoc
848 2905 964 2967 quoque
979 2884 1065 2946 facile

105 2981 255 3054 praestant
270 2975 408 3034 invictum
426 2972 591 3033 llomanum
606 2973 774 3051 imperium.
799 2974 858 3032 iam
874 2971 1017 3048 primum,
1033 2974 1092 3027 uto

106 3055 206 3118 ordiar
218 3055 253 3114 ah
267 3055 389 3117 ducibus
401 3057 612 3136 conparandis,
627 3055 706 3116 haud
718 3056 854 3134 equidem
870 3052 967 3112 abnuo
980 3067 1064 3126 egre-

105 3142 187 3219 gium
204 3138 309 3200 ducem
321 3140 409 3200 luisse
421 3140 635 3207 Alexandrum3
650 3139 701 3198 sed
714 3138 869 3198 clariorem
886 3143 984 3194 tamen
997 3150 1064 3191 eom

105 3225 185 3294 iacit,
199 3223 277 3303 quod
291 3241 365 3283 unus
375 3224 437 3291 luit,
450 3224 527 3302 quod
541 3222 713 3282 adulescens
725 3223 757 3278 in
766 3223 949 3279 incremento
964 3233 1064 3275 rerum

106 3307 238 3370 nondum
254 3307 376 3368 alteram
395 3309 542 3367 fortunam
557 3312 695 3383 expertus
712 3302 848 3362 decessit.
877 3307 910 3360 ut
928 3298 999 3359 alios
1017 3304 1092 3358 ret

107 3411 158 3473 ges
172 3391 269 3453 claros
280 3392 427 3469 ducesque
440 3393 590 3459 omittam,
609 3405 715 3465 magna
727 3383 860 3464 exempla
876 3401 996 3442 casuum
1010 3378 1065 3443 hu2

105 3495 278 3547 manorum,
301 3476 424 3554 Cyrum,
447 3492 534 3554 quem
555 3472 682 3534 maxime
705 3469 812 3532 Graeci
832 3466 967 3528 laudibus
988 3465 1064 3526 cele·
