2546 3936
309 168 857 262 'imuru.cu1›.1.[oc.ane.an]
970 149 1067 250 Ι93
1167 155 1171 164 ’

102 367 168 417 pum
179 349 290 401 trubaret
302 336 326 399 et
337 347 413 398 iuliis
425 357 528 415 propter
539 347 630 398 nlmlas
640 346 706 397 vires
719 347 889 398 dominaretur
901 362 931 415 ,a
943 347 972 408 Q.
985 349 1065 400 Fabio

105 433 212 470 censore
228 417 255 466 ln
272 425 390 480 quettour
405 417 484 474 tribes
500 415 603 466 redacte
620 424 674 475 eat,
694 429 757 477 ques
779 416 884 466 urbaunr
908 415 1063 481 appellarim
1101 431 1104 436 ·

105 501 186 550 eaque
195 499 236 534 res
245 483 323 534 l'ebio
332 483 541 534 lllaximonomeu
554 481 638 542 dedit,
654 482 681 530 lu
693 479 742 531 hoc
752 481 817 532 libro
829 482 1065 534 mentiouemhabet

104 551 258 614 Alexandri3
280 552 324 614 qui
340 550 498 616 temporibus
515 549 555 599 liin
572 549 633 610 init,
653 559 678 598 et
693 545 833 599 aestimetis
850 548 938 614 populi
954 550 1064 605 Romani
1167 566 1170 573 ·

104 620 217 684 viribua,
230 632 361 682 quaerunc
371 626 454 679 eruut,
466 616 570 682 colligit,
582 614 754 666 aldiexcnder
763 616 789 664 in
801 615 899 666 ltaliam
911 617 1064 679 traiecisset,

86 747 91 754 .
104 702 156 737 non
168 697 219 736 tem
235 683 336 735 iocllcm
348 685 371 734 el
387 685 518 734 victoriam
531 683 563 732 de
580 682 680 750 ¹populo
692 683 807 733 Romano
820 682 887 747 lore,
899 699 975 746 quam
988 684 1019 734 de
1032 684 1064 734 iie

91 754 233 820 'gentibue
247 767 310 816 quas
322 753 354 802 ad
366 752 493 804 Orientem
505 753 611 816 imperio
624 765 671 802 suc
684 751 833 802 subiecerat.

143 1049 146 1054 -
184 1094 188 1100 ,
214 1023 291 1085 τιτι
309 995 385 1085 mvi
403 1023 450 1084 nn
471 1023 571 1114 unae
592 1005 755 1086 cononi
775 1023 887 1108 ninnn
907 1023 956 1088 rx.
1004 1068 1005 1073 a

166 1190 189 1254 1.
200 1199 202 1204 ’
216 1193 354 1272 Sequitur
364 1192 444 1253 buno
456 1208 566 1253 annum
578 1190 685 1253 nobilis
697 1190 779 1252 clade
790 1191 922 1252 llomana
935 1191 1065 1253 Caudina
1077 1195 1091 1244 1

104 1297 163 1358 pax
182 1277 216 1338 Τ.
232 1276 351 1338 Veturio
367 1275 484 1338 Calvino
502 1275 552 1355 Sp.
566 1275 717 1337 Postumio
738 1273 916 1336 consulibus.
949 1276 1094 1336 Samni-2

104 1370 151 1423 tes
168 1379 203 1422 eo
216 1377 294 1420 anno
308 1361 518 1438 imperatorem
538 1359 570 1420 C.
590 1359 727 1420 Pontium
742 1359 890 1435 llerrenni
905 1358 997 1420 filium
1012 1359 1064 1420 ha·
1141 1375 1143 1378 ·

104 1445 251 1514 buerunt,
267 1450 351 1522 patre
360 1442 447 1520 longe
458 1443 688 1523 prudentissimo
700 1451 809 1515 natum,
825 1443 954 1523 primum
968 1443 1065 1522 ipsum
1158 1495 1160 1498 .

105 1525 282 1610 bellatorem
292 1525 464 1607 ducemque.
494 1529 536 1599 is,
551 1527 604 1595 ubi
614 1526 719 1607 legati,
735 1528 785 1607 qui
800 1526 837 1588 ad
852 1524 1000 1588 dedendas
1012 1530 1094 1586 -res3
1181 1585 1182 1588 ,
1242 1533 1249 1596 ζ

55 1653 58 1659 -
106 1608 303 1681 missi-eraut,
319 1629 392 1690 pace
405 1611 514 1672 iniecta
531 1611 698 1673 redierunt:
715 1630 780 1682 „ne
795 1609 869 1672 nihil
883 1618 1007 1672 actum“
1019 1611 1064 1670 in-
1176 1641 1178 1647 ·

79 1773 81 1778 ¹
107 1697 171 1776 quit
185 1695 267 1765 „hae
283 1693 429 1774 legatione
444 1698 602 1767 censeatis,
627 1697 776 1776 expiatum
794 1702 851 1765 est,
868 1693 1010 1775 quidquid
1029 1712 1065 1756 ex

107 1777 228 1840 loedere
246 1787 333 1858 rupto
354 1781 466 1840 irarum
486 1781 518 1841 in
537 1779 781 1842 uosenelestium
804 1779 868 1842 luit.
903 1781 973 1842 satis
993 1781 1095 1850 sciet

107 1862 339 1943 quibuscumque
359 1860 415 1924 diis
435 1863 519 1924 cordi
543 1864 599 1924 luit
618 1863 716 1943 subigi
737 1882 793 1925 nos
809 1864 846 1925 ad
860 1865 1066 1925 necessitatem

57 2004 60 2010 .
108 1945 237 2006 dedendi
254 1964 316 2018 res,
339 1965 412 2026 quae
432 1947 468 2008 ah
484 1946 569 2008 nobis
592 1965 628 2010 ex
645 1943 765 2009 loedere
779 1949 922 2027 repetitae
937 1947 1064 2016 lucrant,
1201 2013 1205 2019 ,

107 2032 136 2090 is·
150 2049 211 2094 non
227 2029 317 2092 fuisse
334 2030 498 2092 corditam
513 2031 641 2112 superbe
653 2031 699 2093 ‘ab
713 2032 855 2094 Romanis
869 2030 997 2092 foederis
1015 2049 1065 2090 ex·
1103 2049 1112 2110 j

106 2116 267 2194 piationem
286 2123 433 2195 spretam.¹
457 2115 528 2194 quid
556 2117 636 2176 enim
655 2115 733 2176 ultra
758 2116 824 2176 fieri
848 2114 885 2177 ad
908 2113 1095 2194 placandos5

106 2199 179 2259 deos
194 2199 428 2280 mitigandosque
444 2198 580 2260 homines
594 2201 704 2279 potuit,
722 2217 809 2279 quam
826 2199 905 2278 quod
922 2217 977 2272 nos
993 2199 1065 2259 leci·

106 2283 192 2346 musi
203 2288 252 2342 r'es
266 2277 435 2345 bostiumin
450 2279 560 2364 praeda
571 2291 684 2362 captas,
700 2299 775 2362 quae
786 2281 857 2343 belli
872 2284 936 2343 iure
947 2289 1066 2344 nostrae
1161 2297 1163 2302 ·

107 2365 295 2436 videbantur,
311 2369 494 2436 remisimus;
511 2374 647 2428 auctores
662 2365 747 2438 belli,
760 2367 828 2446 quia
843 2367 922 2427 vivos
937 2383 997 2426 non
1012 2369 1095 2446 po-tt

107 2451 232 2523 tumus,
245 2450 418 2530 perfunctos
433 2452 492 2514 iam
513 2450 573 2512 lato
589 2451 769 2521 dedidimus;
790 2449 868 2512 bona
887 2469 1004 2522 eorum,
1028 2469 1067 2511 ne

107 2534 179 2614 quid
198 2553 234 2595 ex
254 2535 429 2613 contagione
448 2554 542 2597 noxae
562 2543 733 2614 remaneret
745 2553 837 2616 penes
850 2552 920 2606 nost
940 2534 1065 2595 llomam

107 2619 299 2698 portavimus.
328 2619 399 2698 quid
413 2619 490 2682 tiltra
503 2618 573 2689 tibi,
589 2620 736 2690 Romane,
760 2620 831 2699 quid
849 2616 978 2689 foederi,
997 2618 1094 2699 quid?
1184 2648 1189 2694 ·.

96 2703 164 2787 ¹diis
180 2701 301 2764 arbitris
314 2702 426 2764 debeoi
451 2721 539 2782 quem
553 2703 609 2765 tibi
618 2712 737 2765 tuarum
747 2704 868 2776 irarum,
884 2723 972 2784 quem
984 2720 1065 2764 meo·
1112 2764 1115 2770 .

107 2805 174 2847 rum
191 2785 402 2866 suppliciorum
413 2787 542 2849 iudicem
554 2788 662 2858 leram,
681 2789 849 2861 neminem,
863 2805 960 2869 neque
972 2806 1065 2869 popu·

107 2870 169 2931 lum
182 2875 277 2948 neque
291 2873 436 2950 privatum
443 2881 457 2941 ,“
466 2871 557 2948 fugio.
591 2870 706 2951 quodsi
720 2873 794 2934 nihil
809 2892 876 2934 cum
898 2873 1065 2953 potentiore
1078 2879 1097 2930 8

108 2955 182 3012 iuris
196 2952 318 3014 humani
328 2953 505 3034 relinquitur
521 2956 616 3035 inopi,
630 2962 727 3036 alege
742 2957 778 3038 ad
794 2957 865 3019 deos
879 2957 1010 3018 vindices
1021 2957 1066 3016 in-

109 3033 279 3101 tolerandae
294 3038 452 3118 superbiae
467 3039 635 3118 confugiam
650 3048 681 3101 et
698 3041 857 3120 precabor,
878 3051 911 3103 ut
925 3043 986 3101 iras
1000 3057 1067 3099 suas
1078 3046 1111 3110 93
1128 3074 1133 3101 -,
1246 3117 1249 3124 ⁴

109 3119 329 3192 vertantiue0s‚
345 3123 732 3203 quibusnonsuaeredditae
743 3123 1003 3196 resuonalienae
1015 3121 1065 3181 ad-

107 3199 275 3264 cumulatae
286 3205 434 3277 satis·sint;
447 3225 573 3287 quorum
580 3209 728 3270 saevitiam
738 3224 799 3267 non
811 3225 892 3268 mors
899 3207 1064 3278 noxiorum,

110 3305 171 3356 non
186 3285 296 3349 deditio
310 3292 541 3354 exanimatorum
556 3309 729 3370 corporum,
744 3309 804 3351 non
818 3290 897 3351 bona
914 3290 1066 3369 sequentia

108 3371 221 3446 domini
242 3371 421 3435 deditionem
443 3375 601 3446 exsatient,
624 3372 735 3454 placari
756 3375 979 3455 nequeantnisi
993 3373 1067 3434 hau·
1209 3437 1211 3440 ,

107 3456 246 3517 riendum
258 3460 431 3538 sanguinem
445 3458 639 3539 laniandaque
654 3461 767 3524 viscera
781 3466 882 3524 nostra
893 3456 1071 3539 praebuerio
1195 3483 1199 3489 ·
