2538 3946
341 227 434 272 uraca
444 231 475 272 x.
488 228 557 273 uae.
568 216 612 272 ²0.
627 217 668 270 21.
682 208 722 292 [a.
735 213 769 275 0.
784 213 845 296 296]
1011 220 1072 282 169

118 397 156 440 ex
183 375 289 456 quibus
315 374 491 455 inquirendo
516 378 667 454 cognoscit
698 376 735 437 ad
759 376 933 440 Vulturnum
962 381 1102 442 doment

118 461 222 522 sedere
237 461 367 530 bostem,
387 460 456 519 inde
471 461 557 520 tertia
573 459 668 537 vigilia
682 468 845 530 moturum;
869 465 927 524 iter
943 466 974 522 in
989 466 1072 525 Sarn-

118 548 288 621 uiumeesc.
317 543 363 603 his
384 545 455 604 eatis
478 543 634 620 exploratis
649 547 800 623 proiectus
823 552 904 605 tanto
922 547 1101 610 rocamador

116 628 153 690 ab
169 627 302 688 hostibus
317 626 463 695 consedit,
483 637 516 687 ut
531 645 585 688 nec
606 627 747 689 adrentus
766 645 836 688 suus
854 631 1073 707 propinquitate

116 712 207 772 nimia
223 712 304 771 nosci
319 719 430 787 posset,
450 719 479 772 et
490 712 689 789 egredientem
701 730 718 772 e
729 714 831 774 castris
847 713 961 772 hostem
973 716 1072 791 oppri-

116 803 222 857 meret.
253 795 401 874 aliquanto
416 802 484 856 autc
498 795 594 856 lucem
610 794 645 854 ad
661 804 756 856 castra
771 797 893 856 accessit
907 803 1104 875 gnarosquess

116 878 210 942 Oscae
224 878 341 956 linguae
355 878 552 957 exploratum,
565 878 636 957 quid
651 886 768 957 agatur,
786 881 882 940 mittit
912 881 1073 942 intermixti

115 962 262 1032 hostibus,
285 962 364 1040 quod
386 961 472 1022 facile
487 970 550 1023 crat
564 963 594 1020 iu
611 972 754 1024 nocturna
770 962 979 1042 trepidatione,
1003 981 1072 1040 cog·

2 1077 3 1082 κ
112 1051 243 1107 υοεουηῑ
280 1046 476 1124 infrequentia
510 1045 630 1107 armatis
659 1048 742 1123 signa
765 1063 900 1124 egressa,
931 1046 1072 1125 praedam

115 1127 300 1209 praedaeque
316 1129 451 1189 custodes
465 1130 560 1198 exire,
578 1128 719 1189 inmobile
735 1148 840 1206 agmen
856 1139 885 1191 et
901 1147 954 1191 sua
970 1148 1072 1210 quem·

2 1239 3 1260 1
115 1230 173 1292 que
196 1211 365 1272 molientem
389 1211 468 1272 nullo
488 1213 567 1271 inter
585 1211 657 1272 alios
672 1229 816 1274 consensu
835 1231 889 1273 uec
903 1216 972 1274 satis
990 1222 1072 1274 certo

114 1296 251 1374 imperio.
297 1303 413 1373 tempus
434 1295 624 1371 adgrediendi
644 1297 825 1373 aptissimum
845 1298 937 1357 risum
960 1306 1020 1363 est:
1042 1303 1102 1356 etc

114 1381 174 1442 lam
196 1377 247 1438 lux
265 1377 434 1456 adpetebat:
456 1380 554 1456 itaque
573 1379 657 1455 signa
677 1395 784 1438 cauere
804 1380 890 1438 iussit
909 1397 1072 1457 agmenque

115 1463 242 1522 bostium
256 1461 435 1539 adgreditur.
465 1461 610 1522 Samnites
625 1461 733 1540 praeda
747 1462 883 1542 inpediti,
898 1462 1068 1538 inlreqrren·
1083 1468 1120 1521 10

115 1554 160 1606 tce
171 1547 290 1613 armati,
307 1563 375 1622 pars
387 1544 496 1605 addere
510 1545 632 1622 gradum
644 1564 678 1605 ac
692 1563 763 1624 prae
775 1563 807 1605 se
817 1563 905 1622 agere
922 1543 1071 1622 praedam,

115 1645 185 1708 pars
205 1635 283 1688 stare
304 1630 423 1699 incerti,
451 1635 551 1688 utrum
570 1629 710 1706 progredi
729 1645 767 1689 au
789 1628 908 1708 regredi
927 1630 957 1688 iu
978 1638 1072 1689 castra

115 1713 206 1774 tutlus
221 1711 313 1774 ioret:
328 1713 406 1772 inter
422 1715 635 1773 cunctationem
654 1715 868 1792 opprimuntur.
905 1725 934 1773 et
948 1711 1073 1773 Romani

115 1797 173 1856 iam
190 1796 434 1857 transcenderant
447 1796 569 1866 vallum,
585 1798 747 1876 caedesque
763 1816 797 1858 ac
812 1797 954 1858 tumultus
966 1805 1029 1857 erat
1041 1797 1072 1856 iu

116 1881 228 1940 castris.
270 1881 443 1940 Samnitium
467 1897 573 1958 agmen
597 1888 804 1960 praeterquam
825 1882 923 1941 hostili
945 1879 1069 1940 tumultu
1083 1887 1116 1941 lt

116 1963 297 2040 captivorum
313 1965 400 2027 etiam
416 1966 569 2041 repentina
586 1965 750 2024 delectione
765 1961 914 2024 turbatum
927 1972 1004 2031 erat,
1020 1965 1070 2040 qui
1083 1971 1120 2022 12

114 2048 222 2124 partim
244 2049 299 2125 ipsi
318 2045 405 2106 soluti
421 2047 534 2106 vinctos
554 2046 719 2114 solvebant,
740 2047 846 2126 partim
864 2063 943 2104 arma
962 2047 992 2103 in
1010 2063 1072 2105 sar·

116 2131 189 2190 ciuis
204 2130 329 2206 deligata
347 2128 501 2206 rapiebant
514 2128 730 2206 tumultumque
745 2126 858 2206 proelio
872 2130 937 2206 ipso
953 2127 1071 2189 terribi-

115 2213 218 2274 liorem
231 2212 508 2286 intermixtiagmini
520 2210 709 2287 praebebant.
732 2212 954 2271 memorandum
962 2211 1069 2271 deinde
1084 2217 1120 2271 lt

116 2295 237 2358 edidere
252 2295 378 2352 lacinus:
402 2311 469 2352 nam
485 2294 595 2353 Staium
611 2294 767 2353 Minacium
787 2292 890 2354 ducem
915 2293 1070 2353 adeuntem

115 2377 236 2441 ordines
250 2377 475 2453 hortantemque
490 2376 643 2444 invadunt;
667 2375 813 2453 dissipatis
833 2376 902 2436 inde
916 2375 1071 2451 equitibus,

117 2463 249 2543 quicum
267 2478 301 2518 eo
318 2459 454 2526 aderaut,
477 2461 572 2537 ipsum
586 2460 817 2529 circumsistunt,
837 2459 1072 2538 insidentemque

117 2564 193 2624 equo
208 2551 324 2623 captum
337 2540 374 2602 ad
385 2542 534 2602 consulem
549 2542 713 2604 Romanum
728 2543 854 2622 rapiunt.
885 2550 1018 2602 revocata
1036 2560 1070 2601 eo
1083 2550 1117 2602 lt

117 2627 242 2689 tumultu
253 2628 346 2704 prima
359 2627 442 2702 sigua
451 2627 639 2696 Samnitium
651 2625 853 2705 proeliumque
864 2627 922 2686 iam
933 2625 1071 2704 profliga-

118 2719 179 2774 tum
194 2713 371 2789 integratum
384 2717 442 2778 cst,
460 2727 515 2770 uec
527 2711 634 2771 diutius
645 2709 784 2769 sustiueri
801 2712 904 2789 potuit.
934 2727 1018 2768 caesa
1034 2708 1070 2770 ad
1083 2715 1119 2768 tt

118 2796 268 2856 sexmilia
288 2795 454 2864 hominum,
478 2793 536 2853 duo
556 2793 635 2855 milia
653 2801 682 2853 et
697 2794 848 2872 quingenti
870 2793 960 2872 capti,
982 2794 1014 2853 in
1029 2794 1073 2854 eis

118 2878 229 2938 tribuni
239 2879 364 2939 militum
377 2885 528 2956 quattuor,
541 2880 624 2956 signa
634 2876 770 2938 militaria
782 2879 917 2955 triginta,
932 2884 975 2948 ct,
992 2877 1071 2957 quod

118 2958 308 3022 laetissimum
335 2962 493 3022 victoribus
512 2961 581 3032 luit,
610 2962 791 3039 captivorum
817 2971 935 3041 recepta
959 2971 1072 3039 septem

119 3038 197 3100 milia
214 3053 243 3101 et
257 3045 476 3127 quadringenti,
501 3045 609 3124 pracda
623 3046 727 3120 ingens
746 3047 909 3112 sociorum
930 3046 1072 3120 accitique

120 3122 214 3184 edicto
227 3124 337 3185 domiui
349 3128 443 3188 adres
456 3147 523 3189 suas
534 3127 697 3188 noscendas
708 3127 957 3205 recipiendasque.
984 3143 1070 3204 prae·
1084 3131 1118 3184 lt

118 3208 217 3269 stituta
232 3208 279 3268 die
296 3228 419 3287 quarum
442 3230 541 3271 rerum
556 3229 617 3272 non
632 3211 726 3270 extitit
744 3209 879 3270 dominus
902 3207 986 3268 militi
1001 3219 1070 3268 cou-

119 3309 233 3362 cessam
250 3295 400 3371 coactique
416 3294 542 3355 vendere
561 3294 715 3374 praedam,
741 3311 779 3352 ne
793 3292 863 3352 alibi
876 3310 963 3371 qoam
978 3294 1009 3352 in
1024 3309 1072 3351 ar·

119 3377 175 3437 mis
187 3379 316 3438 animum
332 3377 486 3439 baberent

180 3460 254 3524 xxi.
284 3463 422 3541 Magnum
443 3481 477 3524 ea
497 3460 646 3543 populatio
667 3460 807 3542 Campani
829 3461 892 3540 agri
916 3458 1100 3522 tumultumt
