2542 3956
212 190 274 256 ets
412 204 506 246 mnu
518 203 595 246 xxm.
611 189 739 246 oon-oi.
751 180 792 264 [a.
806 205 838 244 u.
852 204 880 246 e.
893 181 956 266 538]

183 353 366 416 esententiis
377 353 428 432 qui
439 350 590 412 dedendos
601 351 785 420 censuerint;
798 359 930 412 ceterum
942 353 1106 430 proxumis
1112 370 1181 415 een·

211 437 329 499 soribus
344 436 417 497 adeo
433 434 570 495 omnibus
584 435 662 495 notis
683 435 911 514 ignomini'uque
926 435 1088 496 coniectos
1107 455 1178 507 esse,

211 529 246 582 ut
257 520 377 600 quidam
391 536 495 580 eorum
509 525 635 579 mortem
649 515 707 577 sibi
725 519 783 597 ipsi
802 516 950 598 extemplo
966 521 1179 590 oonseirerint,

212 605 305 666 ceteri
320 620 382 664 non
403 603 469 664 Ioro
485 600 582 662 squm
604 601 685 660 omui
706 599 814 661 deinde
832 602 907 668 rita.
927 603 982 663 sed
997 621 1103 682 prope
1117 601 1179 662 Iuee

172 695 250 749 tono
263 686 382 768 publico
398 687 557 747 caruerint.
585 685 687 744 mirari
701 685 796 762 magis
819 683 892 746 adeo
907 685 1087 766 discrepare
1105 687 1179 746 inter

211 781 363 840 auctores,
379 788 481 850 quam,
499 769 571 848 quid
582 769 646 828 reri
661 769 715 838 sit,
733 767 903 829 discernere
917 787 1019 848 queas

271 854 388 927 Quanto
410 860 507 915 numm
528 853 623 912 maior
642 869 677 913 ea
694 850 793 912 clades
816 853 1022 931 superioribus
1044 851 1179 914 cladibus

211 938 315 1010 inerit,
335 936 382 998 rei
405 955 440 998 ea
461 953 511 996 res
524 934 634 996 indicio
648 941 705 1013 est,
726 935 808 1010 quod
822 937 900 1010 fides
912 940 1084 1007 sociorum,
1107 954 1179 1016 quae

212 1021 327 1083 adeam
340 1019 420 1080 diem
435 1019 520 1080 firma
534 1025 668 1089 steterat,
686 1027 749 1079 tum
763 1017 865 1080 labare
879 1022 990 1099 eoepit,
1008 1019 1098 1082 nulia
1112 1038 1177 1099 pro

212 1104 289 1165 ieeto
309 1103 366 1164 alia
389 1102 427 1164 (Ie
446 1120 494 1174 re,
522 1121 610 1184 quam
630 1103 709 1182 quod
730 1101 959 1181 desperaverant
978 1103 1018 1164 de
1039 1104 1176 1182 imperio.

171 1194 201 1246 11
214 1187 351 1248 deiecere
373 1195 470 1248 autem
492 1186 529 1246 ad
543 1187 659 1247 Poenos
679 1186 711 1246 hi
732 1185 847 1266 populi=
869 1186 1009 1257 Atellani,
1040 1185 1175 1254 Calatini,

211 1271 343 1351 Hirpini,
357 1269 518 1350 Apulorum
528 1287 613 1349 pars,
629 1271 776 1330 Samnites
786 1277 904 1350 praeter
913 1271 1054 1342 Pentros,
1072 1269 1176 1331 Bruttii

171 1361 204 1412 12
215 1373 327 1425 omnes,
343 1354 462 1426 Lucani,
476 1369 595 1433 praeter
610 1354 665 1414 hos
679 1353 814 1416 Uzentini
829 1362 860 1414 et
873 1355 1060 1416 Graecorum
1083 1354 1175 1414 omnis
1232 1391 1233 1400 ι

212 1439 308 1500 ferme
320 1456 387 1508 ora,
403 1438 566 1507 Tarentini,
577 1437 782 1517 Metapontini,
798 1437 1008 1499 Crotonienses
1019 1438 1175 1516 Locrique,

171 1529 205 1580 1³
215 1529 245 1583 et
258 1521 397 1601 Cisalpini
417 1538 521 1583 omnes
535 1519 620 1582 Galli.
657 1538 714 1581 nee
735 1528 834 1581 tamen
849 1539 902 1581 eae
917 1521 1017 1582 clades
1031 1521 1175 1582 deiectio

212 1605 484 1747 tristitie
498 1602 1175 1764 itiiitit‘tinitttiiittti

212 1786 269 1830 neo
288 1777 442 1848 postquam
462 1768 592 1830 isrediit
610 1772 818 1850 renovavitque
837 1773 1011 1832 memoriam
1032 1779 1172 1851 acceptae
1232 1781 1233 1826 r

173 1861 204 1912 14
215 1851 314 1915 elatu.
346 1871 404 1932 quo
424 1853 456 1912 In
477 1859 612 1932 tempore
634 1855 700 1932 ipso
721 1852 795 1914 adeo
817 1872 925 1932 magno
947 1857 1045 1916 animo
1076 1857 1173 1916 civitas

212 1938 283 2008 init,
297 1944 332 1997 nt
345 1935 459 1998 oonsuli
474 1953 510 1997 ex
535 1943 616 1997 tanta
641 1936 739 2008 clade,
762 1938 846 1998 euius
864 1939 928 2017 ipse
943 1957 1030 1999 eausa
1044 1941 1170 2000 maxima

213 2022 330 2089 inisset,
353 2020 490 2081 redeunti
510 2028 541 2081 et
560 2019 675 2080 obviam
693 2021 767 2080 itum
787 2020 959 2099 frequenter
980 2022 1018 2083 ab
1034 2022 1171 2084 omnihus

213 2103 366 2166 ordinibus
389 2105 428 2163 sit
447 2111 477 2163 et
497 2105 608 2182 gratiae
627 2111 724 2174 antae,
751 2103 830 2184 quod
858 2104 895 2164 de
916 2123 951 2166 re
969 2105 1093 2184 publiea
1115 2121 1170 2166 non

174 2196 203 2248 to
215 2186 414 2266 desperassem
428 2188 479 2265 qui
496 2188 521 2246 si
537 2187 942 2265 Carthaginiensium'dnetor
955 2189 1076 2264 inisset,
1101 2183 1170 2251 nihil

212 2271 409 2332 recusandum
424 2268 560 2350 supplicii
574 2269 661 2331 ioret.
783 2294 787 2302 ’

471 2686 658 2751 PERIOGIIA
678 2689 780 2751 LIBRI
802 2688 903 2750 XXIII.

211 2850 467 2969 meeumpenm
478 2852 644 2932 Hennibstepr
662 2854 816 2909 deiecerunt.
839 2857 946 2907 nuntius
963 2856 1108 2909 Cannensis
1119 2857 1166 2908 rie·

210 3000 268 3038 rom
288 2932 416 3036 (Ismufeotos
433 2923 1165 3056 iuaaetffmffuezuriasnefflifflggsetffiffiffiffi

211 3067 357 3105 mensnram
368 3053 485 3107 unditus.
504 3064 647 3136 postquem
658 3057 774 3136 nuntium
785 3059 889 3118 Hanno,
901 3058 940 3107 vir
949 3074 982 3109 ex
990 3059 1084 3108 Poenis
1096 3057 1163 3110 nobi·

211 3120 1164 3304 &petisti„trtiti‘iteit‘tuitittetptitit

211 3254 295 3334 Iisrpe
313 3269 344 3304 us
363 3265 465 3320 praetor
487 3257 520 3306 ad
537 3256 627 3307 Notem
644 3259 778 3340 eruptione
798 3260 922 3309 adversus
945 3259 1112 3340 iiannibniem
1134 3270 1163 3307 ex

211 3322 1162 3468 {retineretisiiiaiiiffittt'tittrituti

213 3459 307 3505 essent.
331 3455 437 3504 nuerbns
448 3470 494 3521 per
504 3457 657 3507 Vulturnum
668 3473 770 3510 emnem
781 3476 798 3512 a
809 3461 929 3511 Romanis
941 3461 1028 3512 missis
1040 3460 1160 3510 vamnnt
