2542 3956
86 185 122 247 66
222 197 316 240 urania
330 197 421 241 xxm.
437 196 506 241 ear.
523 183 568 240 45.
584 183 627 240 td.
645 177 686 258 [u.
702 199 732 240 n.
751 200 776 240 c.
790 175 852 261 aab]

86 365 95 406 a
111 345 230 408 Nolanis
246 345 382 408 subsidiis
397 344 506 409 inultus
519 364 573 408 nos
594 349 653 409 iam
667 348 774 408 iterum
793 345 925 410 lacessiti
963 347 1013 412 nbi

86 429 109 490 le
124 428 208 490 miles
219 448 303 491 meus
315 437 372 500 est,
393 431 442 510 qui
455 439 557 511 erepto
569 450 605 493 ex
620 450 694 512 equo
705 431 738 494 G.
747 430 889 492 Flaminio
901 431 1014 494 consuli

86 521 149 592 aput
169 511 304 575 abstulitt
344 513 410 585 ubi,
431 514 533 592 quib.
554 515 677 577 Paulum
697 514 733 576 ad
755 514 868 578 Cannas
891 515 1014 576 occiditt

86 615 175 658 nrum
197 615 276 659 nunc
290 597 399 660 bebetl
413 616 451 659 an
466 598 585 663 dextrae
600 599 735 679 torpenti
760 615 798 660 an
813 597 882 678 quid
900 597 1015 679 prodlgi

86 689 106 740 rt
123 680 219 741 aliud?
249 683 299 762 qui
314 682 399 761 pauci
413 681 514 762 plures
528 684 646 744 vincere
659 679 736 744 soliti
749 683 832 753 estis,
849 700 928 744 nuno
943 699 1014 761 pau-

86 783 103 824 s
117 763 217 845 plures
233 766 280 826 vix
292 767 427 827 restatist
456 767 579 828 Romam
593 784 644 827 vos
659 774 892 845 expugnaturos,
908 766 1013 845 siquis
1069 799 1074 806 ·

86 857 199 918 uceret,
214 848 306 910 lortes
320 848 419 929 lingua
430 850 594 912 iactabatis:
609 868 645 912 en
660 852 758 912 minor
770 867 819 912 res
830 855 889 920 est:
906 849 955 911 bic
965 867 1015 912 ex·

86 933 153 992 eriri
170 934 226 992 vim
251 935 446 1012 virtutemque
462 933 537 995 uolo.
572 941 737 1014 expugnate
756 932 874 1003 Nolam,
898 950 1015 1013 campe·

86 1033 152 1078 ,rem
167 1015 286 1088 urbem,
310 1034 368 1077 non
388 1017 523 1088 llumine,
546 1035 606 1079 non
621 1019 695 1079 mari
710 1023 849 1096 saeptam.
883 1016 953 1078 binc
965 1034 1016 1077 roe

86 1119 98 1160 r
114 1107 171 1161 tam
188 1099 326 1178 opulenta
337 1100 411 1162 urbe
425 1102 536 1181 praeda
550 1100 709 1181 spoliisque
721 1106 842 1162 onustos
853 1098 898 1160 rel
910 1100 1015 1162 ducam

86 1202 119 1244 no
135 1184 251 1254 voletis,
266 1183 311 1244 vol
327 1193 463 1266 sequar.“

127 1267 223 1328 XLVI.
251 1267 312 1329 Nee
334 1267 410 1330 bene
426 1287 481 1328 nec
501 1267 576 1330 male
595 1269 672 1330 dicta
693 1267 868 1348 profuerunt
890 1266 927 1330 ad
945 1284 1014 1328 con·

86 1351 222 1412 rmandos
234 1352 355 1413 animos.
385 1371 451 1414 cum
464 1353 544 1413 omni
555 1361 639 1433 parte
650 1351 849 1432 pellerentur,
862 1350 1016 1413 Romanis·

86 1455 120 1496 ue
142 1442 310 1496 crescerent
334 1437 423 1498 animi
445 1453 504 1497 non
527 1436 601 1497 duce
622 1436 716 1498 solum
747 1435 934 1510 adhortante,
964 1434 1015 1495 sed

86 1519 183 1580 *olanis
199 1520 286 1580 etiam
303 1537 357 1598 per
373 1520 548 1590 clamorem,
567 1520 675 1582 laveris
689 1520 835 1591 indicem,
852 1519 1015 1581 accenden-

86 1603 141 1664 bus
156 1603 292 1665 ardorem
307 1623 437 1683 pugnae,
454 1611 537 1683 terga
552 1605 643 1666 Poeni
658 1604 804 1666 dederunt
818 1611 904 1685 atque
920 1603 952 1663 iu
968 1619 1015 1662 ca·

86 1704 121 1748 ra
138 1686 270 1767 conpulsi
286 1697 362 1750 sunt.
393 1706 467 1768 quae
482 1706 653 1772 oppugnare
673 1689 817 1767 cupientis
837 1687 944 1747 milites
958 1685 1016 1748 Ro-

86 1789 166 1832 tanos
172 1770 327 1832 Marcellus
334 1770 436 1832 Nolam
444 1770 559 1834 reduxit
567 1791 632 1834 curn
645 1789 751 1850 magno
764 1770 869 1850 gaudie
881 1776 1015 1848 etgratu·

86 1856 170 1913 itione
182 1856 267 1914 etiam
279 1853 386 1932 plebis,
399 1873 473 1935 quae
485 1864 552 1918 ante
563 1855 731 1918 inclinatior
743 1855 779 1916 ad
785 1856 899 1917 Poenos
911 1854 1015 1915 iuerat.

86 1939 189 2012 pstium
201 1936 267 2017 plus
278 1939 405 2019 quinque
417 1938 496 2000 milia
509 1957 593 2001 caesa
611 1958 645 2001 eo
658 1941 718 2011 die,
733 1940 787 2000 vivi
799 1941 875 2020 capti
887 1939 1016 2000 sexcenti

86 2030 93 2081 t
108 2019 341 2106 siguasmilitaria
357 2021 536 2100 undeviginti
547 2029 576 2084 et
587 2023 646 2084 duo
658 2022 821 2103 elephanti,
838 2028 974 2104 quattuor
984 2023 1014 2080 in

86 2107 125 2166 eie
141 2101 245 2174 ccciii3
260 2104 461 2167 Rornanorum
473 2107 570 2168 minus
585 2107 665 2168 mille
676 2107 834 2168 interlecti.
864 2113 1014 2185 posterum

85 2191 141 2249 iem
163 2187 283 2250 indutiis
307 2192 401 2251 tacitis
424 2190 592 2269 sepeliendo
615 2193 762 2270 utrimque
780 2207 880 2251 caesos
902 2191 933 2250 in
955 2189 1017 2250 acie

86 2281 321 2353 onsumpserunt.
348 2273 579 2354 spoliabostium
591 2273 755 2344 Marcellus,
767 2273 896 2334 Vulcano
909 2280 1016 2342 votum,

86 2357 211 2418 remouit.
249 2359 335 2418 tertio
355 2366 421 2438 post
437 2358 484 2418 die
501 2393 536 2404 -
555 2358 592 2420 ob
611 2360 685 2419 bam
708 2357 797 2418 credo
820 2356 946 2436 aliquam
968 2362 1017 2417 aut

86 2461 145 2518 tom
161 2440 336 2503 liberalioris
351 2443 470 2504 militiae
481 2478 523 2490 -
535 2442 653 2504 ducenti
670 2442 852 2521 septuaginta
864 2441 921 2502 duo
935 2440 1015 2520 equi-

86 2544 116 2596 ts,
129 2526 212 2586 mixti
222 2525 365 2587 Numidae
376 2534 406 2588 et
415 2527 544 2606 Hispani,
558 2528 594 2588 ad
606 2525 774 2587 Marcellum
786 2525 1015 2603 transfugerunt.

86 2628 165 2670 orum
181 2609 252 2671 lorti
272 2609 409 2690 fidelique
423 2629 512 2690 opera
526 2613 557 2672 in
573 2629 607 2672 eo
617 2607 695 2670 bello
708 2611 753 2672 usi
772 2616 840 2670 sunt
854 2627 941 2688 saepe
959 2607 1017 2668 llo·

86 2696 152 2754 iani.
179 2711 249 2772 ager
259 2694 396 2774 Hispanis
409 2695 440 2756 iu
451 2695 590 2774 Hispania
606 2704 635 2757 et
648 2693 781 2757 Numidis
796 2695 828 2753 in
839 2692 937 2756 Africa
951 2697 1016 2770 post

86 2776 169 2836 ellum
185 2779 299 2840 virtutis
313 2797 400 2840 causa
417 2779 500 2840 datus
517 2787 569 2840 est.
599 2777 744 2842 Hannibal
756 2776 792 2839 ab
804 2777 876 2840 Nola
893 2775 1017 2836 remisse

86 2879 94 2918 r
110 2860 239 2920 Bruttios
253 2863 397 2924 Hannone
413 2881 478 2923 curn
495 2863 600 2942 quibus
620 2870 741 2924 venerat
755 2862 847 2941 copiis
861 2862 924 2939 ipse
938 2857 1018 2936 Apu·

88 2961 122 3003 ae
137 2941 261 3002 hiberna
275 2947 366 3022 petit,
384 2947 520 3020 circaque
534 2947 628 3024 Arpos
644 2945 785 3006 consedit.

126 3023 161 3096 Q.
173 3024 280 3087 Fabius
291 3035 324 3088 ut
335 3026 498 3106 proiectum
511 3027 542 3086 in
553 3028 686 3106 Apuliam
693 3026 886 3090 Hannibalem
898 3023 1016 3092 audivit,

86 3116 214 3172 ‘umento
229 3109 265 3171 ab
280 3110 353 3172 Nola
364 3109 543 3189 Neapolique
558 3112 589 3170 in
607 3129 639 3171 ea
657 3119 751 3171 cestra
772 3116 926 3179 convecto,
943 3125 1017 3187 quae

86 3212 156 3273 uper
171 3192 337 3255 Suessulam
354 3201 450 3265 erant,
474 3195 721 3273 munimentisque
743 3193 864 3254 firmatis
883 3199 912 3253 et
932 3209 1017 3270 prae·

86 3278 157 3346 idio,
175 3277 251 3356 quod
267 3297 322 3357 per
337 3277 461 3340 hiberna
477 3278 513 3338 ad
527 3277 718 3339 obtinendum
733 3275 831 3338 locum
846 3277 916 3337 satis
932 3282 1017 3344 esset,

87 3359 171 3418 elicto
187 3362 250 3437 ipse
262 3361 388 3439 Capuam
403 3362 523 3440 propius
534 3362 624 3420 movit
638 3368 746 3432 eastra,
762 3377 924 3440 agrumque
935 3359 1018 3420 Cam-

86 3457 176 3498 anum
197 3442 277 3502 lerro
297 3445 416 3522 ignique
435 3450 479 3503 est
500 3441 705 3523 depopulatuS,
727 3444 822 3505 donec
844 3443 936 3505 coacti
951 3449 1017 3502 sunt
