2542 3956
305 219 398 262 aman
408 217 498 263 xxnr.
514 217 583 258 car.
600 193 737 277 a.1o.[a.
753 197 788 260 0.
804 194 866 278 210]
1009 202 1073 265 327

112 370 225 432 armati.
238 369 382 430 exercitus
394 367 540 428 sustinere
550 372 712 441 coemam,
730 382 818 444 quem
832 365 935 426 horret
944 365 1071 445 populns

111 456 276 530 Romanus,
292 461 324 513 tu
339 449 513 512 sustinebis?
533 457 566 511 ut
582 448 637 510 alia
651 447 758 510 auxilia
773 447 884 518 desint,
907 464 955 509 me
971 451 1070 528 ipsum

110 537 203 598 ierire
217 554 325 616 corpus
339 553 439 598 meum
460 541 657 614 opponentem
678 550 733 611 pro
758 550 883 612 corpore
899 531 1071 596 Hannibalis

112 620 287 683 sustinebis?
302 621 382 699 atqui
395 636 451 700 per
461 637 559 680 meum
573 625 676 697 pectus
691 616 835 697 petendus
848 615 899 676 ille
911 614 963 676 tibi
974 623 1099 679 trans-8

109 705 304 784 figendusque
320 713 372 764 est.
401 702 453 764 sed
464 703 512 764 bic
525 711 555 764 te
566 703 712 762 deterreri
725 704 789 764 sine
804 702 901 781 potius
912 718 999 779 ιῙιιιιιιι
1010 699 1071 762 illie

111 789 203 856 vinei,
219 788 334 850 valeant
346 805 451 868 preces
463 787 541 865 apud
557 793 587 848 te
602 803 702 856 meae,
718 788 794 846 sicut
804 802 859 865 pro
874 792 904 846 te
918 784 1007 846 hodie
1021 803 1070 846 ra·

109 869 260 933 luerunt‘·
288 871 489 934 lacrimantem
501 871 848 931 ludeinvenemcernens
861 868 1098 930 medianam-e

110 954 251 1034 plectitur
266 962 353 1035 atque
370 953 470 1015 osculo
486 954 613 1016 haerens
627 971 688 1014 non
703 961 772 1014 ante
794 952 934 1032 precibus
950 951 1069 1022 abstitit,

110 1057 199 1117 quam
214 1039 348 1119 pervicit,
377 1046 410 1100 ut
424 1037 553 1117 gladium
574 1046 699 1118 poneret
723 1036 870 1118 fidemque
890 1037 975 1098 daret
996 1035 1071 1098 nihil

109 1122 256 1184 iacturum
271 1121 338 1184 tale.
370 1130 433 1184 tum
447 1123 562 1184 iuvenis
579 1139 661 1198 „ego
679 1120 797 1201 quidem
805 1131 824 1155 ‘¹
844 1122 939 1200 inquit
952 1139 1067 1200 „quarn
1080 1126 1113 1177 itt

108 1207 223 1284 patriae
234 1205 328 1266 debeo
338 1207 487 1285 pietatem,
501 1204 646 1266 exsolvam
658 1207 743 1284 patri.
773 1212 854 1266 tuam
866 1203 951 1266 doleo
963 1206 1065 1275 vicem,
1080 1209 1111 1260 ιι

109 1290 159 1348 eui
180 1297 226 1350 ter
247 1289 380 1368 proditae
395 1289 507 1367 patriae
525 1289 729 1350 sustinendum
755 1298 800 1348 cst
816 1289 944 1357 crimen,
967 1286 1067 1358 semel,

109 1390 178 1434 oum
206 1371 379 1433 delectionis
404 1370 440 1432 ab
464 1372 621 1442 Romanis,
651 1374 773 1442 iterum,
801 1388 869 1432 cum
897 1372 979 1449 pacis
1003 1387 1070 1432 cum

112 1454 276 1522 Hannibale
298 1455 379 1517 luisti
395 1463 512 1526 auctor,
535 1457 623 1517 tertio
651 1455 754 1526 bodie,
782 1472 850 1515 cum
870 1455 1070 1516 restituendae

110 1538 250 1601 Romanis
258 1539 373 1619 Capuae
388 1535 568 1618 mora'atque
582 1539 827 1618 impedimentum
839 1556 880 1600 es.
909 1545 949 1608 tu,
964 1539 1068 1616 patria,
1080 1543 1113 1594 lt

108 1622 236 1693 ferrum,
255 1642 313 1702 quo
327 1641 382 1703 pro
394 1630 423 1684 te
437 1631 567 1686 armatus
581 1623 659 1684 banc
670 1640 768 1684 arcem
780 1623 907 1683 hostium
918 1623 979 1692 inii,
996 1640 1069 1700 quo·

108 1707 188 1768 niam
205 1725 313 1786 parens
328 1714 495 1786 extorquet,
516 1709 648 1786 recipe.“
676 1707 750 1766 baec
768 1724 835 1766 curn
851 1705 987 1774 dixisset,
1006 1705 1068 1782 gla-

109 1789 191 1851 dium
213 1791 243 1850 in
264 1790 415 1870 publicum
435 1799 518 1852 trans
538 1792 696 1852 maceriam
717 1790 797 1851 borti
818 1789 925 1850 abiecit
945 1797 988 1859 et.
1012 1806 1070 1867 quo
1178 1833 1180 1837 -

108 1875 206 1936 minus
223 1893 272 1935 res
286 1882 421 1953 suspecta
440 1881 535 1944 esset,
559 1891 591 1936 se
608 1876 671 1953 ipse
687 1875 817 1934 convivio
835 1872 972 1934 reddidit.

168 1956 204 2019 X.
236 1957 358 2020 Postero
374 1957 421 2018 die
436 1964 555 2018 senatus
569 1957 708 2036 frequens
723 1955 807 2016 datus
821 1953 986 2016 Hannibali.
1018 1954 1094 2014 ubil

109 2041 207 2119 prima
223 2042 285 2102 eius
306 2043 400 2104 oratio
420 2040 581 2120 perblanda
596 2058 631 2100 ae
649 2039 777 2116 benigna
797 2038 865 2107 luit,
889 2056 946 2117 qua
961 2039 1069 2115 gratias

108 2126 169 2202 egit
188 2125 357 2203 Campanis,
384 2124 463 2202 quod
483 2125 640 2184 amicitiam
659 2139 743 2182 suam
764 2121 914 2182 Romanae
936 2121 1069 2185 societati

108 2209 363 2288 praeposuissent,
381 2215 410 2268 et
424 2209 502 2267 inter
513 2214 612 2266 cetera
625 2205 779 2283 magnilica
794 2206 939 2282 promissa
954 2203 1095 2282 pollici-2

107 2297 155 2350 tus
170 2290 305 2352 estbrevi
319 2296 407 2371 caput
419 2289 519 2351 ltaliae
534 2291 615 2350 omni
626 2288 753 2368 Capuam
765 2288 846 2358 lore,
861 2289 986 2366 iuraque
998 2285 1068 2347 inde

109 2391 176 2434 cum
192 2374 299 2435 ceteris
308 2373 425 2453 populis
435 2373 600 2434 Romanum
608 2373 696 2433 etiam
707 2373 880 2453 petiturum.
902 2387 994 2433 unum
1005 2376 1097 2432 esses

108 2463 256 2518 exsortem
270 2457 399 2520 Punicae
416 2458 560 2518 amicitiae
570 2457 756 2534 foederisque
771 2473 870 2516 secum
884 2455 962 2523 iacti,
980 2471 1069 2534 quem

109 2554 205 2619 neque
218 2559 282 2601 esse
293 2541 472 2622 Campanum
486 2559 581 2620 neque
593 2541 651 2602 dici
663 2539 781 2611 debere,
796 2540 923 2617 Magium
935 2539 1068 2600 Decium.

109 2641 177 2684 eum
193 2624 358 2703 postulare,
373 2633 406 2686 ut
418 2624 475 2686 sibi
491 2624 629 2696 dedatur,
647 2642 682 2684 ac
695 2642 728 2685 sc
741 2631 898 2702 praesente
913 2621 951 2684 de
966 2640 1001 2683 eo
1019 2639 1067 2682 rc·

107 2707 221 2770 teratur
236 2719 412 2788 senatusque
430 2707 595 2770 consultum
610 2711 669 2769 liat.
698 2725 801 2768 omnes
821 2709 853 2768 in
871 2725 936 2768 eam
948 2712 1095 2768 senten-t

108 2792 179 2852 tiam
192 2793 306 2864 ierunt,
323 2810 498 2873 quamquam
516 2810 640 2871 magnae
660 2793 738 2870 parti
758 2798 788 2851 et
807 2791 852 2852 vir
872 2790 1011 2869 indignus
1034 2808 1069 2851 ea

107 2873 272 2938 calamitate
288 2884 318 2937 et
331 2877 409 2938 baud
424 2894 514 2956 parvo
529 2878 612 2936 initio
632 2877 727 2938 minui
747 2874 901 2936 videbatur
918 2877 963 2936 ius
977 2873 1067 2934 liber·

5 3019 6 3022 ,
108 2959 186 3019 tatis.
217 2979 352 3038 egressus
368 2964 448 3022 curia
459 2962 490 3021 in
502 2960 612 3040 templo
624 2961 827 3038 magistratum
839 2958 981 3027 consedit,
998 2963 1097 3016 con-5

108 3040 312 3120 probandique
331 3044 452 3104 Decium
466 3045 593 3122 Magium
608 3052 695 3122 atque
710 3041 883 3122 antepedes
898 3042 1068 3101 destitutum

110 3142 229 3186 causam
245 3125 344 3186 dicere
359 3128 452 3186 iussit.
481 3130 532 3204 qui
550 3145 616 3186 eum
630 3133 770 3186 manente
784 3125 895 3185 lerocia
911 3123 1002 3183 animi
1017 3127 1100 3180 ned

109 3216 194 3287 garet
215 3207 280 3286 lege
301 3208 429 3269 foederis
449 3207 480 3268 id
497 3209 561 3286 cogi
580 3225 682 3287 posse,
705 3215 769 3268 tum
792 3207 918 3267 iniectae
936 3210 1065 3274 catenae,

110 3292 237 3373 ducique
252 3298 320 3352 ante
340 3290 473 3353 lictorem
497 3292 528 3351 in
550 3299 644 3352 castra
661 3297 705 3352 est
724 3291 830 3352 iussus.
860 3287 956 3368 quoad
973 3290 1094 3367 capitet

5 3403 6 3412 ι
110 3385 212 3455 aperto
223 3385 268 3438 est
280 3375 398 3446 ductus,
415 3373 669 3438 contionabundus
680 3375 799 3434 incessit
811 3373 847 3434 ad
859 3371 1067 3433 circumfusam

109 3460 239 3542 undique
267 3458 484 3522 multitudinem
511 3459 689 3520 vociferans:
718 3457 856 3530 „habetis
889 3455 1070 3526 libertatem.
