2542 3956
296 187 387 230 1131111
400 187 475 228 xxu.
493 187 561 229 oar.
579 165 735 248 13.14.[a.
754 168 788 230 0.
806 167 867 250 217]
919 239 921 246 Ι
999 173 1063 237 273

87 335 253 414 ingentem
266 333 394 404 cladem,
410 335 508 412 sugam
524 341 624 395 tamen
640 341 844 412 terroremque
858 334 944 396 latius
957 335 1059 396 Numi·

89 419 155 480 dae
173 419 321 480 lecerunt:
341 435 396 487 nec
408 424 506 478 tamen
523 419 548 476 is
564 425 675 488 terror,
694 436 759 492 eum
777 419 875 478 omnia
894 417 971 478 bello
987 419 1108 498 flag-,li

88 510 216 573 rareut,
242 501 299 562 lide
315 501 409 562 socios
424 501 557 576 dimovit,
582 499 717 560 videlicet
739 502 806 580 quia
821 503 897 576 iusto
915 508 944 561 et
959 501 1060 562 mode·

88 593 166 646 rato
180 585 361 663 regebantur
375 585 500 664 imperio
516 602 571 644 nec
587 583 771 654 abnuebant,
793 584 869 663 quod
888 603 978 645 unum
996 587 1060 644 vin·

89 666 199 728 culum
214 669 283 728 fidei
299 674 357 740 est,
373 667 545 728 melioribus
561 685 675 748 parere.

164 751 236 812 XIV.
268 751 306 812 Ut
318 769 403 822 vcro,
422 757 574 830 postquam
594 750 630 809 ad
646 750 822 811 Vulturnum
839 751 947 823 flumen
966 759 1088 812 castrat

89 841 170 894 sunt
189 837 298 913 posita,
321 833 498 894 exurebatur
517 833 740 894 amoenissimus
755 833 855 894 ltaliae
876 853 947 912 ager
962 833 1062 895 villae·

90 937 158 996 que
178 920 286 996 passim
305 918 449 978 incendiis
472 917 623 978 fumabant
645 935 700 995 per
727 919 794 994 iuga
816 917 931 978 Massici
952 919 1063 978 montis

89 1001 192 1062 Fabio
211 1000 350 1072 ducente,
372 1010 433 1062 tum
453 1019 546 1080 prope
571 1001 607 1060 de
626 1001 742 1078 integro
767 999 911 1061 seditione
927 997 1068 1071 accensi?

91 1087 272 1164 quieverant
282 1087 360 1146 enim
378 1103 432 1163 per
443 1102 552 1164 paucos
563 1083 640 1154 dies,
658 1086 739 1162 quia,
756 1102 821 1144 eum
839 1083 963 1146 celerius
974 1084 1089 1144 solito2

91 1167 220 1228 ductum
233 1187 338 1246 agmen
353 1176 446 1237 esset,
467 1168 601 1228 festinari
615 1167 651 1226 ad
664 1166 878 1245 prohibendam
894 1168 1059 1247 populatio·

91 1251 187 1311 nibus
203 1251 390 1330 Campaniam
409 1250 605 1310 crediderant.
644 1257 677 1310 ut
698 1269 767 1311 vero
788 1253 820 1310 in
839 1259 970 1312 extrema
992 1253 1090 1329 iugab

90 1333 216 1394 Massici
231 1336 338 1394 montis
353 1341 484 1404 ventum,
503 1340 533 1394 et
550 1334 649 1395 hostes
664 1333 718 1394 sub
736 1333 828 1395 oculis
844 1341 928 1394 erant
942 1333 1061 1395 Falerni

93 1415 412 1496 agri‘colonorumque
428 1417 583 1478 Sinuessae
602 1425 679 1478 tecta
691 1425 828 1487 urentes,
844 1436 901 1478 nec
916 1415 975 1477 ulla
997 1425 1060 1478 erat

91 1503 212 1562 mentio
225 1518 356 1580 pugnae,
374 1547 392 1570 „
401 1507 602 1578 spectatumne
618 1501 675 1561 huc
687 1509 705 1533 “
729 1502 826 1580 inquit
839 1501 983 1562 Minucius
997 1500 1091 1572 „ade

92 1601 165 1644 rem
182 1583 337 1644 fruendam
352 1583 458 1654 oculis,
473 1585 620 1646 sociorum
637 1584 741 1644 caedes
761 1591 791 1643 et
809 1584 960 1661 incendia,
978 1585 1059 1644 veni-

92 1667 185 1730 mus?
202 1685 272 1738 nec,
285 1669 309 1727 si
320 1666 428 1728 nullius
438 1667 558 1727 alterius
570 1687 638 1738 nos,
651 1686 689 1728 ne
701 1668 806 1727 civium
819 1667 937 1746 quidem
952 1668 1059 1729 horum

93 1751 207 1832 pudet,
224 1769 296 1830 quos
312 1751 481 1812 Sinuessam
497 1751 616 1812 colonos
631 1759 730 1830 patres
748 1753 842 1812 nostri
859 1753 1012 1821 miserunt,
1028 1757 1089 1810 uti

94 1834 134 1894 ab
155 1835 286 1896 Samnite
299 1834 383 1894 hoste
398 1841 460 1894 tuta
473 1833 547 1894 haec
561 1852 613 1894 ora
628 1843 724 1903 esset,
750 1853 836 1912 quam
851 1853 930 1895 nunc
943 1853 1002 1894 non
1016 1835 1059 1894 ri·

94 1919 184 1980 ciuus
200 1919 315 1980 Samnis
330 1919 403 1992 urit,
417 1917 469 1978 sed
483 1917 599 1978 Poenus
615 1917 741 1985 advena,
767 1915 803 1976 ab
822 1919 961 1977 extremis
978 1917 1059 1977 orbis

94 2009 246 2065 terrarum
263 2001 396 2062 terminis
411 2008 511 2061 nostra
527 2001 714 2060 cunctatione
729 2005 759 2058 et
772 1999 907 2058 socordia
928 2001 984 2058 iam
1001 2000 1060 2060 huc

94 2085 292 2164 progressus?
310 2090 423 2144 tantum
439 2084 509 2161 pro!
526 2083 740 2159 degeneramus
754 2100 770 2139 3
792 2081 927 2159 patribus
942 2085 1057 2152 nostris,
1072 2091 1094 2141 o

94 2175 130 2227 ut
144 2175 363 2245 praeterquam
374 2184 469 2243 nuper
484 2183 566 2224 oram
582 2163 623 2223 illi
636 2182 718 2223 suam
729 2165 855 2224 Punicas
871 2167 969 2244 vagari
984 2165 1058 2226 clas·

95 2269 147 2310 ses
163 2248 290 2309 dedecus
312 2266 376 2308 esse
397 2246 514 2325 imperii
535 2249 580 2308 sui
594 2246 743 2318 duxerint,
764 2266 828 2308 eam
844 2266 922 2308 nune
940 2249 1057 2328 plenam

95 2333 229 2393 hostium
249 2330 500 2410 Numidarumque
521 2349 555 2390 ac
577 2329 745 2390 Maurorum
765 2332 823 2390 iam
841 2331 949 2391 factam
961 2332 1057 2391 ridea-

97 2415 185 2476 must
201 2415 252 2493 qui
267 2414 355 2474 modo
371 2415 533 2491 Saguntum
548 2416 712 2492 oppugnari
732 2413 913 2492 indignando
930 2433 989 2474 non
1005 2415 1087 2474 ho·7

96 2501 195 2559 mines
211 2505 323 2558 tantum
339 2497 389 2558 sed
409 2496 529 2558 foedera
550 2507 579 2557 et
600 2497 671 2558 deos
686 2496 846 2566 ciebamus,
868 2498 1057 2558 scandentem

96 2582 216 2656 moenia
241 2582 390 2642 Romanae
414 2579 545 2654 coloniae
568 2579 761 2650 Hannibalem
787 2580 855 2640 laeti
881 2589 1056 2659 spectamus.

97 2665 198 2736 sumus
214 2683 251 2726 ex
263 2665 407 2724 incendiis
427 2663 561 2724 villarum
580 2682 777 2742 agrorumque
798 2665 829 2723 in
850 2662 951 2724 oculos
971 2672 1087 2743 atquess

98 2766 152 2808 ora
170 2749 261 2818 venit,
275 2754 411 2826 strepunt
422 2765 508 2808 aures
521 2747 698 2808 clamoribus
710 2746 888 2825 plorantium
900 2750 1056 2818 sociorum,

97 2833 216 2912 saepius
234 2850 389 2910 nosquam
406 2831 529 2891 deorum
544 2832 740 2891 invocantium
758 2849 857 2908 opem:
874 2850 928 2891 nos
942 2832 991 2891 hic
1006 2851 1057 2910 pe·

8 2977 9 2980 ,
98 2933 204 2976 corum
215 2915 303 2976 modo
320 2933 373 2992 per
389 2917 513 2976 aestivos
525 2914 615 2976 saltus
628 2915 783 2993 deviasque
799 2915 880 2974 callis
894 2918 1055 2976 exercitum

99 2997 349 3070 ducimusconditi
363 2997 490 3058 nubibus
501 2999 646 3076 silvisque.
674 3000 699 3056 si
709 2999 766 3058 hoc
777 2998 1086 3076 modoperagrandott

99 3082 253 3139 cacumina
269 3080 416 3160 saltusque
427 3081 465 3141 M.
478 3083 584 3141 Furius
600 3083 734 3158 recipere
750 3099 766 3138 3
781 3081 870 3140 Gallis
885 3080 989 3140 urbem
1007 3099 1057 3140 vo·

99 3161 216 3232 luisset,
239 3180 296 3241 quo
313 3162 361 3222 hic
377 3181 468 3222 novus
484 3163 635 3230 Camillus,
659 3161 744 3221 nobis
767 3162 892 3221 dictator
908 3163 1011 3222 unicus
1025 3165 1056 3221 in

99 3245 190 3308 rebus
206 3246 327 3306 adiectis
342 3247 502 3323 quaesitus,
520 3245 633 3304 Italiam
654 3242 689 3302 ab
707 3243 869 3304 Hannibale
880 3263 1057 3324 recuperare

99 3338 192 3408 parat,
209 3326 359 3390 Gallorum
371 3329 462 3388 Roma
475 3335 564 3396 esset,
581 3345 668 3406 quam
686 3344 789 3386 vereor
809 3346 846 3387 ne
862 3329 905 3388 sic
916 3336 1055 3388 1111111311-
1066 3336 1103 3390 ru

101 3411 178 3473 tibus
192 3413 278 3473 nobis
293 3409 449 3472 Hannibali
466 3428 500 3470 ac
516 3411 622 3470 Poenis
645 3411 751 3470 totiens
768 3413 948 3472 servaverint
965 3413 1056 3472 maio·

143 3526 170 3562 u.
187 3527 248 3564 urus
267 3527 335 3562 11111
355 3527 387 3561 11.
816 3497 854 3559 18
