<?xml version="1.0" encoding="UTF-8"?>
<!DOCTYPE html PUBLIC "-//W3C//DTD XHTML 1.0 Transitional//EN"
    "http://www.w3.org/TR/xhtml1/DTD/xhtml1-transitional.dtd">
<html xmlns="http://www.w3.org/1999/xhtml" xml:lang="en" lang="en">
 <head>
  <title>
</title>
<meta http-equiv="Content-Type" content="text/html;charset=utf-8" />
  <meta name='ocr-system' content='tesseract 3.04.00' />
  <meta name='ocr-capabilities' content='ocr_page ocr_carea ocr_par ocr_line ocrx_word'/>
</head>
<body>
  <div class='ocr_page' id='page_1' title='image "./aburbeconditali08livygoog_0166.png"; bbox 0 0 2532 3938; ppageno 0'>
   <div class='ocr_carea' id='block_1_1' title="bbox 197 217 1009 302">
    <p class='ocr_par' dir='ltr' id='par_1_1' title="bbox 197 217 1009 302">
     <span class='ocr_line' id='line_1_1' title="bbox 197 217 1009 302; baseline -0.007 -20"><span class='ocrx_word' id='word_1_1' title='bbox 197 226 238 288; x_wconf 88' lang='grc'><strong>16</strong></span> <span class='ocrx_word' id='word_1_2' title='bbox 335 241 429 281; x_wconf 78' lang='lat' dir='ltr'><strong>menn</strong></span> <span class='ocrx_word' id='word_1_3' title='bbox 443 241 500 282; x_wconf 88' lang='lat' dir='ltr'><strong>vx1.</strong></span> <span class='ocrx_word' id='word_1_4' title='bbox 521 239 589 280; x_wconf 74' lang='lat' dir='ltr'><strong>car.</strong></span> <span class='ocrx_word' id='word_1_5' title='bbox 606 226 647 278; x_wconf 86' lang='lat'><strong>15.</strong></span> <span class='ocrx_word' id='word_1_6' title='bbox 666 226 705 278; x_wconf 85' lang='grc'><strong>16.</strong></span> <span class='ocrx_word' id='word_1_7' title='bbox 724 217 764 300; x_wconf 84' lang='grc'><strong>[1.</strong></span> <span class='ocrx_word' id='word_1_8' title='bbox 779 243 810 282; x_wconf 82' lang='lat' dir='ltr'><strong>u.</strong></span> <span class='ocrx_word' id='word_1_9' title='bbox 827 243 853 282; x_wconf 87' lang='grc'><strong>1.</strong></span> <span class='ocrx_word' id='word_1_10' title='bbox 868 217 1009 302; x_wconf 80' lang='grc'>396-398]</span> 
     </span>
    </p>
   </div>
   <div class='ocr_carea' id='block_1_2' title="bbox 150 385 1152 2726">
    <p class='ocr_par' dir='ltr' id='par_1_2' title="bbox 197 385 1152 633">
     <span class='ocr_line' id='line_1_2' title="bbox 200 385 1152 465; baseline 0 -17"><span class='ocrx_word' id='word_1_11' title='bbox 200 395 261 459; x_wconf 87' lang='lat' dir='ltr'><strong>tor,</strong></span> <span class='ocrx_word' id='word_1_12' title='bbox 278 394 432 465; x_wconf 79' lang='lat' dir='ltr'><strong>postquam</strong></span> <span class='ocrx_word' id='word_1_13' title='bbox 448 385 594 446; x_wconf 91' lang='lat' dir='ltr'><strong>labantem</strong></span> <span class='ocrx_word' id='word_1_14' title='bbox 616 404 672 446; x_wconf 89' lang='lat' dir='ltr'><strong>una</strong></span> <span class='ocrx_word' id='word_1_15' title='bbox 694 395 777 462; x_wconf 92' lang='lat' dir='ltr'><strong>parte</strong></span> <span class='ocrx_word' id='word_1_16' title='bbox 799 386 870 446; x_wconf 88' lang='grc'>111111</span> <span class='ocrx_word' id='word_1_17' title='bbox 887 387 992 456; x_wconf 82' lang='lat' dir='ltr'>aciem,</span> <span class='ocrx_word' id='word_1_18' title='bbox 1016 388 1099 465; x_wconf 87' lang='lat' dir='ltr'><strong>signa</strong></span> <span class='ocrx_word' id='word_1_19' title='bbox 1121 389 1152 448; x_wconf 91' lang='lat' dir='ltr'><strong>in</strong></span> 
     </span>
     <span class='ocr_line' id='line_1_3' title="bbox 197 468 1152 550; baseline 0.001 -18"><span class='ocrx_word' id='word_1_20' title='bbox 197 469 311 533; x_wconf 85' lang='lat' dir='ltr'><strong>laevum</strong></span> <span class='ocrx_word' id='word_1_21' title='bbox 339 487 432 530; x_wconf 88' lang='lat' dir='ltr'><strong>cornu</strong></span> <span class='ocrx_word' id='word_1_22' title='bbox 452 471 580 540; x_wconf 84' lang='lat' dir='ltr'><strong>confert,</strong></span> <span class='ocrx_word' id='word_1_23' title='bbox 607 488 665 548; x_wconf 93' lang='lat' dir='ltr'><strong>quo</strong></span> <span class='ocrx_word' id='word_1_24' title='bbox 692 468 807 531; x_wconf 89' lang='lat' dir='ltr'><strong>turbam</strong></span> <span class='ocrx_word' id='word_1_25' title='bbox 828 471 955 530; x_wconf 88' lang='lat' dir='ltr'><strong>bostium</strong></span> <span class='ocrx_word' id='word_1_26' title='bbox 978 474 1152 550; x_wconf 84' lang='lat' dir='ltr'><strong>congregari</strong></span> 
     </span>
     <span class='ocr_line' id='line_1_4' title="bbox 200 552 1152 633; baseline 0.002 -19"><span class='ocrx_word' id='word_1_27' title='bbox 200 552 354 623; x_wconf 88' lang='lat' dir='ltr'><strong>cernebat,</strong></span> <span class='ocrx_word' id='word_1_28' title='bbox 371 560 400 613; x_wconf 91' lang='lat' dir='ltr'><strong>et</strong></span> <span class='ocrx_word' id='word_1_29' title='bbox 413 554 463 624; x_wconf 92' lang='lat' dir='ltr'><strong>ils,</strong></span> <span class='ocrx_word' id='word_1_30' title='bbox 477 555 528 632; x_wconf 90' lang='lat' dir='ltr'><strong>qui</strong></span> <span class='ocrx_word' id='word_1_31' title='bbox 543 555 574 613; x_wconf 91' lang='lat' dir='ltr'><strong>in</strong></span> <span class='ocrx_word' id='word_1_32' title='bbox 591 561 690 612; x_wconf 86' lang='lat' dir='ltr'><strong>monte</strong></span> <span class='ocrx_word' id='word_1_33' title='bbox 706 561 802 623; x_wconf 87' lang='lat' dir='ltr'><strong>erant,</strong></span> <span class='ocrx_word' id='word_1_34' title='bbox 821 555 937 632; x_wconf 88' lang='lat' dir='ltr'><strong>signum</strong></span> <span class='ocrx_word' id='word_1_35' title='bbox 952 554 1030 633; x_wconf 90' lang='lat' dir='ltr'><strong>quod</strong></span> <span class='ocrx_word' id='word_1_36' title='bbox 1046 573 1152 616; x_wconf 85' lang='lat' dir='ltr'><strong>conve-</strong></span> 
     </span>
    </p>

    <p class='ocr_par' dir='ltr' id='par_1_3' title="bbox 168 636 1152 884">
     <span class='ocr_line' id='line_1_5' title="bbox 168 636 1152 716; baseline 0.004 -20"><span class='ocrx_word' id='word_1_37' title='bbox 168 644 185 696; x_wconf 78' lang='lat' dir='ltr'><strong>b</strong></span> <span class='ocrx_word' id='word_1_38' title='bbox 200 645 285 699; x_wconf 90' lang='lat' dir='ltr'><strong>uerat</strong></span> <span class='ocrx_word' id='word_1_39' title='bbox 302 637 391 698; x_wconf 80' lang='lat' dir='ltr'><strong>dedit.</strong></span> <span class='ocrx_word' id='word_1_40' title='bbox 420 637 472 698; x_wconf 91' lang='lat' dir='ltr'><strong>ubi</strong></span> <span class='ocrx_word' id='word_1_41' title='bbox 485 637 554 697; x_wconf 90' lang='lat' dir='ltr'><strong>inde</strong></span> <span class='ocrx_word' id='word_1_42' title='bbox 569 655 685 716; x_wconf 90' lang='lat' dir='ltr'><strong>quoque</strong></span> <span class='ocrx_word' id='word_1_43' title='bbox 700 654 791 698; x_wconf 84' lang='lat' dir='ltr'><strong>novus</strong></span> <span class='ocrx_word' id='word_1_44' title='bbox 807 636 919 697; x_wconf 89' lang='lat' dir='ltr'><strong>clamor</strong></span> <span class='ocrx_word' id='word_1_45' title='bbox 932 649 1028 708; x_wconf 87' lang='lat' dir='ltr'><strong>ortus,</strong></span> <span class='ocrx_word' id='word_1_46' title='bbox 1048 645 1077 698; x_wconf 90' lang='lat' dir='ltr'><strong>et</strong></span> <span class='ocrx_word' id='word_1_47' title='bbox 1088 645 1152 700; x_wconf 87' lang='lat' dir='ltr'><strong>ten·</strong></span> 
     </span>
     <span class='ocr_line' id='line_1_6' title="bbox 198 720 1151 800; baseline 0.002 -18"><span class='ocrx_word' id='word_1_48' title='bbox 198 722 269 782; x_wconf 90' lang='lat' dir='ltr'><strong>dere</strong></span> <span class='ocrx_word' id='word_1_49' title='bbox 292 720 411 800; x_wconf 87' lang='lat' dir='ltr'><strong>obliquo</strong></span> <span class='ocrx_word' id='word_1_50' title='bbox 432 728 532 781; x_wconf 89' lang='lat' dir='ltr'><strong>monte</strong></span> <span class='ocrx_word' id='word_1_51' title='bbox 553 720 588 780; x_wconf 91' lang='lat' dir='ltr'><strong>ad</strong></span> <span class='ocrx_word' id='word_1_52' title='bbox 611 727 705 781; x_wconf 89' lang='lat' dir='ltr'><strong>castra</strong></span> <span class='ocrx_word' id='word_1_53' title='bbox 726 721 875 781; x_wconf 83' lang='lat' dir='ltr'><strong>Gallorum</strong></span> <span class='ocrx_word' id='word_1_54' title='bbox 896 722 949 781; x_wconf 82' lang='lat' dir='ltr'><strong>visi</strong></span> <span class='ocrx_word' id='word_1_55' title='bbox 976 728 1059 792; x_wconf 87' lang='lat' dir='ltr'><strong>sunt,</strong></span> <span class='ocrx_word' id='word_1_56' title='bbox 1089 730 1151 784; x_wconf 88' lang='lat' dir='ltr'><strong>tum</strong></span> 
     </span>
     <span class='ocr_line' id='line_1_7' title="bbox 197 804 1151 884; baseline 0.002 -18"><span class='ocrx_word' id='word_1_57' title='bbox 197 813 286 874; x_wconf 88' lang='lat' dir='ltr'><strong>metu,</strong></span> <span class='ocrx_word' id='word_1_58' title='bbox 304 823 341 866; x_wconf 93' lang='lat' dir='ltr'><strong>ne</strong></span> <span class='ocrx_word' id='word_1_59' title='bbox 354 804 589 881; x_wconf 75' lang='lat' dir='ltr'><strong>excluderentur,</strong></span> <span class='ocrx_word' id='word_1_60' title='bbox 605 807 711 864; x_wconf 89' lang='lat' dir='ltr'><strong>omissa</strong></span> <span class='ocrx_word' id='word_1_61' title='bbox 726 823 824 883; x_wconf 90' lang='lat' dir='ltr'><strong>pugna</strong></span> <span class='ocrx_word' id='word_1_62' title='bbox 836 812 888 878; x_wconf 76' lang='lat' dir='ltr'><strong>est,</strong></span> <span class='ocrx_word' id='word_1_63' title='bbox 901 821 1047 884; x_wconf 85' lang='lat' dir='ltr'><strong>cursuque</strong></span> <span class='ocrx_word' id='word_1_64' title='bbox 1059 806 1151 868; x_wconf 83' lang='lat' dir='ltr'><strong>affuso</strong></span> 
     </span>
    </p>

    <p class='ocr_par' dir='ltr' id='par_1_4' title="bbox 164 887 1151 1135">
     <span class='ocr_line' id='line_1_8' title="bbox 164 887 1151 950; baseline 0.004 -4"><span class='ocrx_word' id='word_1_65' title='bbox 164 895 181 946; x_wconf 83' lang='grc'><strong>1</strong></span> <span class='ocrx_word' id='word_1_66' title='bbox 196 890 231 950; x_wconf 93' lang='lat' dir='ltr'><strong>ad</strong></span> <span class='ocrx_word' id='word_1_67' title='bbox 247 897 342 950; x_wconf 88' lang='lat' dir='ltr'><strong>castra</strong></span> <span class='ocrx_word' id='word_1_68' title='bbox 359 888 537 949; x_wconf 82' lang='lat' dir='ltr'><strong>terebantur.</strong></span> <span class='ocrx_word' id='word_1_69' title='bbox 568 887 618 948; x_wconf 91' lang='lat' dir='ltr'><strong>ubi</strong></span> <span class='ocrx_word' id='word_1_70' title='bbox 636 905 703 947; x_wconf 90' lang='lat' dir='ltr'><strong>cum</strong></span> <span class='ocrx_word' id='word_1_71' title='bbox 719 889 895 948; x_wconf 88' lang='lat' dir='ltr'><strong>occurrisset</strong></span> <span class='ocrx_word' id='word_1_72' title='bbox 910 890 951 948; x_wconf 90' lang='lat' dir='ltr'><strong>eis</strong></span> <span class='ocrx_word' id='word_1_73' title='bbox 964 888 1002 949; x_wconf 88' lang='lat' dir='ltr'><strong>M.</strong></span> <span class='ocrx_word' id='word_1_74' title='bbox 1020 889 1151 950; x_wconf 84' lang='lat' dir='ltr'><strong>Valerius</strong></span> 
     </span>
     <span class='ocr_line' id='line_1_9' title="bbox 197 971 1151 1051; baseline 0 -17"><span class='ocrx_word' id='word_1_75' title='bbox 197 974 338 1049; x_wconf 87' lang='lat' dir='ltr'><strong>magister</strong></span> <span class='ocrx_word' id='word_1_76' title='bbox 349 973 496 1050; x_wconf 86' lang='lat' dir='ltr'><strong>equitum,</strong></span> <span class='ocrx_word' id='word_1_77' title='bbox 514 973 565 1050; x_wconf 93' lang='lat' dir='ltr'><strong>qui</strong></span> <span class='ocrx_word' id='word_1_78' title='bbox 576 971 730 1050; x_wconf 88' lang='lat' dir='ltr'><strong>prolligato</strong></span> <span class='ocrx_word' id='word_1_79' title='bbox 743 971 845 1031; x_wconf 86' lang='lat' dir='ltr'><strong>dextro</strong></span> <span class='ocrx_word' id='word_1_80' title='bbox 858 989 950 1032; x_wconf 90' lang='lat' dir='ltr'><strong>cornu</strong></span> <span class='ocrx_word' id='word_1_81' title='bbox 964 971 1151 1051; x_wconf 79' lang='lat' dir='ltr'><strong>obequitabat</strong></span> 
     </span>
     <span class='ocr_line' id='line_1_10' title="bbox 196 1054 1150 1135; baseline 0.004 -21"><span class='ocrx_word' id='word_1_82' title='bbox 196 1056 323 1115; x_wconf 88' lang='lat' dir='ltr'><strong>hostium</strong></span> <span class='ocrx_word' id='word_1_83' title='bbox 339 1056 544 1125; x_wconf 90' lang='lat' dir='ltr'><strong>munimentis,</strong></span> <span class='ocrx_word' id='word_1_84' title='bbox 567 1055 602 1116; x_wconf 89' lang='lat' dir='ltr'><strong>ad</strong></span> <span class='ocrx_word' id='word_1_85' title='bbox 617 1062 733 1115; x_wconf 90' lang='lat' dir='ltr'><strong>montes</strong></span> <span class='ocrx_word' id='word_1_86' title='bbox 746 1054 889 1134; x_wconf 86' lang='lat' dir='ltr'><strong>silvasque</strong></span> <span class='ocrx_word' id='word_1_87' title='bbox 905 1062 1022 1117; x_wconf 84' lang='lat' dir='ltr'><strong>vertunt</strong></span> <span class='ocrx_word' id='word_1_88' title='bbox 1042 1058 1150 1135; x_wconf 86' lang='lat' dir='ltr'><strong>lugam,</strong></span> 
     </span>
    </p>

    <p class='ocr_par' dir='ltr' id='par_1_5' title="bbox 165 1137 1149 1302">
     <span class='ocr_line' id='line_1_11' title="bbox 165 1137 1147 1220; baseline 0.007 -26"><span class='ocrx_word' id='word_1_89' title='bbox 165 1146 179 1194; x_wconf 85' lang='grc'><strong>1</strong></span> <span class='ocrx_word' id='word_1_90' title='bbox 195 1137 373 1217; x_wconf 82' lang='lat' dir='ltr'><strong>plurimique</strong></span> <span class='ocrx_word' id='word_1_91' title='bbox 387 1137 428 1198; x_wconf 90' lang='lat' dir='ltr'><strong>ibi</strong></span> <span class='ocrx_word' id='word_1_92' title='bbox 444 1158 459 1200; x_wconf 94' lang='lat' dir='ltr'><strong>a</strong></span> <span class='ocrx_word' id='word_1_93' title='bbox 475 1138 571 1200; x_wconf 91' lang='lat' dir='ltr'><strong>lallaci</strong></span> <span class='ocrx_word' id='word_1_94' title='bbox 586 1140 715 1218; x_wconf 91' lang='lat' dir='ltr'><strong>equitum</strong></span> <span class='ocrx_word' id='word_1_95' title='bbox 732 1140 829 1217; x_wconf 88' lang='lat' dir='ltr'><strong>specie</strong></span> <span class='ocrx_word' id='word_1_96' title='bbox 848 1139 1081 1220; x_wconf 80' lang='lat' dir='ltr'><strong>agasonibusque</strong></span> <span class='ocrx_word' id='word_1_97' title='bbox 1098 1160 1147 1202; x_wconf 91' lang='lat' dir='ltr'><strong>ex·</strong></span> 
     </span>
     <span class='ocr_line' id='line_1_12' title="bbox 197 1222 1149 1302; baseline 0.004 -21"><span class='ocrx_word' id='word_1_98' title='bbox 197 1224 273 1300; x_wconf 90' lang='lat' dir='ltr'><strong>cepti</strong></span> <span class='ocrx_word' id='word_1_99' title='bbox 294 1228 376 1292; x_wconf 87' lang='lat' dir='ltr'><strong>sunt;</strong></span> <span class='ocrx_word' id='word_1_100' title='bbox 407 1229 573 1292; x_wconf 89' lang='lat' dir='ltr'><strong>eteorum,</strong></span> <span class='ocrx_word' id='word_1_101' title='bbox 603 1241 677 1301; x_wconf 91' lang='lat' dir='ltr'><strong>quos</strong></span> <span class='ocrx_word' id='word_1_102' title='bbox 702 1240 792 1302; x_wconf 85' lang='lat' dir='ltr'><strong>pavor</strong></span> <span class='ocrx_word' id='word_1_103' title='bbox 817 1222 984 1300; x_wconf 82' lang='lat' dir='ltr'><strong>perculerat</strong></span> <span class='ocrx_word' id='word_1_104' title='bbox 1004 1227 1034 1283; x_wconf 91' lang='lat' dir='ltr'><strong>in</strong></span> <span class='ocrx_word' id='word_1_105' title='bbox 1055 1224 1149 1296; x_wconf 84' lang='lat' dir='ltr'><strong>silvas,</strong></span> 
     </span>
    </p>

    <p class='ocr_par' dir='ltr' id='par_1_6' title="bbox 164 1305 1150 1637">
     <span class='ocr_line' id='line_1_13' title="bbox 164 1305 1150 1387; baseline 0.007 -24"><span class='ocrx_word' id='word_1_106' title='bbox 164 1310 181 1362; x_wconf 89' lang='lat'>8</span> <span class='ocrx_word' id='word_1_107' title='bbox 197 1314 279 1366; x_wconf 89' lang='lat' dir='ltr'><strong>atrox</strong></span> <span class='ocrx_word' id='word_1_108' title='bbox 297 1306 401 1367; x_wconf 90' lang='lat' dir='ltr'><strong>caedes</strong></span> <span class='ocrx_word' id='word_1_109' title='bbox 418 1313 484 1386; x_wconf 89' lang='lat' dir='ltr'><strong>post</strong></span> <span class='ocrx_word' id='word_1_110' title='bbox 498 1305 631 1367; x_wconf 87' lang='lat' dir='ltr'><strong>sedatum</strong></span> <span class='ocrx_word' id='word_1_111' title='bbox 646 1306 791 1385; x_wconf 91' lang='lat' dir='ltr'><strong>proelium</strong></span> <span class='ocrx_word' id='word_1_112' title='bbox 811 1305 875 1367; x_wconf 90' lang='lat' dir='ltr'><strong>luit.</strong></span> <span class='ocrx_word' id='word_1_113' title='bbox 918 1323 973 1367; x_wconf 91' lang='lat' dir='ltr'><strong>nec</strong></span> <span class='ocrx_word' id='word_1_114' title='bbox 991 1308 1064 1368; x_wconf 80' lang='lat' dir='ltr'><strong>alliis</strong></span> <span class='ocrx_word' id='word_1_115' title='bbox 1084 1316 1150 1387; x_wconf 91' lang='lat' dir='ltr'><strong>post</strong></span> 
     </span>
     <span class='ocr_line' id='line_1_14' title="bbox 195 1389 1150 1472; baseline -0.001 -21"><span class='ocrx_word' id='word_1_116' title='bbox 195 1389 233 1451; x_wconf 88' lang='grc' dir='ltr'><strong>Μ.</strong></span> <span class='ocrx_word' id='word_1_117' title='bbox 257 1390 376 1451; x_wconf 88' lang='lat' dir='ltr'><strong>Furium</strong></span> <span class='ocrx_word' id='word_1_118' title='bbox 398 1409 485 1472; x_wconf 92' lang='lat' dir='ltr'><strong>quam</strong></span> <span class='ocrx_word' id='word_1_119' title='bbox 514 1390 544 1452; x_wconf 90' lang='lat' dir='ltr'><strong>C.</strong></span> <span class='ocrx_word' id='word_1_120' title='bbox 568 1389 714 1469; x_wconf 85' lang='lat' dir='ltr'><strong>Sulpicius</strong></span> <span class='ocrx_word' id='word_1_121' title='bbox 740 1391 890 1451; x_wconf 88' lang='lat' dir='ltr'><strong>iustiorem</strong></span> <span class='ocrx_word' id='word_1_122' title='bbox 916 1390 953 1450; x_wconf 90' lang='lat' dir='ltr'><strong>de</strong></span> <span class='ocrx_word' id='word_1_123' title='bbox 976 1391 1064 1452; x_wconf 89' lang='lat' dir='ltr'><strong>Gallis</strong></span> <span class='ocrx_word' id='word_1_124' title='bbox 1092 1393 1150 1471; x_wconf 89' lang='lat' dir='ltr'><strong>egit</strong></span> 
     </span>
     <span class='ocr_line' id='line_1_15' title="bbox 196 1473 1148 1554; baseline 0.004 -21"><span class='ocrx_word' id='word_1_125' title='bbox 196 1475 385 1552; x_wconf 89' lang='lat' dir='ltr'><strong>triumphum.</strong></span> <span class='ocrx_word' id='word_1_126' title='bbox 416 1477 479 1535; x_wconf 87' lang='lat' dir='ltr'><strong>auri</strong></span> <span class='ocrx_word' id='word_1_127' title='bbox 494 1492 612 1553; x_wconf 88' lang='lat' dir='ltr'><strong>quoque</strong></span> <span class='ocrx_word' id='word_1_128' title='bbox 628 1491 663 1534; x_wconf 90' lang='lat' dir='ltr'><strong>ex</strong></span> <span class='ocrx_word' id='word_1_129' title='bbox 679 1473 795 1535; x_wconf 86' lang='lat' dir='ltr'><strong>Gallicis</strong></span> <span class='ocrx_word' id='word_1_130' title='bbox 810 1473 910 1553; x_wconf 91' lang='lat' dir='ltr'><strong>spoliis</strong></span> <span class='ocrx_word' id='word_1_131' title='bbox 925 1477 995 1535; x_wconf 90' lang='lat' dir='ltr'><strong>satis</strong></span> <span class='ocrx_word' id='word_1_132' title='bbox 1011 1493 1148 1554; x_wconf 87' lang='lat' dir='ltr'><strong>magnum</strong></span> 
     </span>
     <span class='ocr_line' id='line_1_16' title="bbox 195 1557 1050 1637; baseline 0 -19"><span class='ocrx_word' id='word_1_133' title='bbox 195 1558 309 1636; x_wconf 90' lang='lat' dir='ltr'><strong>pondus</strong></span> <span class='ocrx_word' id='word_1_134' title='bbox 325 1577 394 1618; x_wconf 87' lang='lat' dir='ltr'><strong>saxo</strong></span> <span class='ocrx_word' id='word_1_135' title='bbox 406 1557 549 1637; x_wconf 89' lang='lat' dir='ltr'><strong>quadrato</strong></span> <span class='ocrx_word' id='word_1_136' title='bbox 565 1565 697 1636; x_wconf 91' lang='lat' dir='ltr'><strong>saeptum</strong></span> <span class='ocrx_word' id='word_1_137' title='bbox 715 1560 745 1617; x_wconf 91' lang='lat' dir='ltr'><strong>in</strong></span> <span class='ocrx_word' id='word_1_138' title='bbox 762 1558 903 1637; x_wconf 86' lang='lat' dir='ltr'><strong>Capitolio</strong></span> <span class='ocrx_word' id='word_1_139' title='bbox 918 1561 1050 1619; x_wconf 84' lang='lat' dir='ltr'><strong>sacravit.</strong></span> 
     </span>
    </p>

    <p class='ocr_par' dir='ltr' id='par_1_7' title="bbox 164 1641 1148 1889">
     <span class='ocr_line' id='line_1_17' title="bbox 164 1641 1147 1703; baseline 0.005 -5"><span class='ocrx_word' id='word_1_140' title='bbox 164 1647 181 1698; x_wconf 84' lang='grc'>9</span> <span class='ocrx_word' id='word_1_141' title='bbox 259 1642 368 1702; x_wconf 88' lang='lat' dir='ltr'><strong>Eodem</strong></span> <span class='ocrx_word' id='word_1_142' title='bbox 391 1660 468 1702; x_wconf 92' lang='lat' dir='ltr'><strong>anno</strong></span> <span class='ocrx_word' id='word_1_143' title='bbox 487 1649 517 1702; x_wconf 89' lang='lat' dir='ltr'><strong>et</strong></span> <span class='ocrx_word' id='word_1_144' title='bbox 536 1660 552 1702; x_wconf 93' lang='lat' dir='ltr'><strong>a</strong></span> <span class='ocrx_word' id='word_1_145' title='bbox 574 1641 742 1703; x_wconf 91' lang='lat' dir='ltr'><strong>consulibus</strong></span> <span class='ocrx_word' id='word_1_146' title='bbox 765 1644 845 1702; x_wconf 85' lang='lat' dir='ltr'><strong>vario</strong></span> <span class='ocrx_word' id='word_1_147' title='bbox 866 1651 970 1703; x_wconf 84' lang='lat' dir='ltr'><strong>eventu</strong></span> <span class='ocrx_word' id='word_1_148' title='bbox 993 1641 1147 1703; x_wconf 87' lang='lat' dir='ltr'><strong>bellatum:</strong></span> 
     </span>
     <span class='ocr_line' id='line_1_18' title="bbox 194 1723 1148 1805; baseline 0.003 -21"><span class='ocrx_word' id='word_1_149' title='bbox 194 1742 262 1784; x_wconf 90' lang='lat' dir='ltr'><strong>narn</strong></span> <span class='ocrx_word' id='word_1_150' title='bbox 278 1725 396 1785; x_wconf 90' lang='lat' dir='ltr'><strong>Hernici</strong></span> <span class='ocrx_word' id='word_1_151' title='bbox 415 1743 430 1785; x_wconf 91' lang='lat' dir='ltr'><strong>a</strong></span> <span class='ocrx_word' id='word_1_152' title='bbox 447 1725 476 1786; x_wconf 77' lang='lat' dir='ltr'><strong>(l.</strong></span> <span class='ocrx_word' id='word_1_153' title='bbox 492 1723 604 1786; x_wconf 90' lang='lat' dir='ltr'><strong>Plautio</strong></span> <span class='ocrx_word' id='word_1_154' title='bbox 625 1725 730 1786; x_wconf 90' lang='lat' dir='ltr'><strong>devicti</strong></span> <span class='ocrx_word' id='word_1_155' title='bbox 745 1725 917 1805; x_wconf 88' lang='lat' dir='ltr'><strong>subactique</strong></span> <span class='ocrx_word' id='word_1_156' title='bbox 936 1734 1017 1802; x_wconf 88' lang='lat' dir='ltr'><strong>sunt,</strong></span> <span class='ocrx_word' id='word_1_157' title='bbox 1041 1726 1148 1787; x_wconf 84' lang='lat' dir='ltr'><strong>Fabius</strong></span> 
     </span>
     <span class='ocr_line' id='line_1_19' title="bbox 194 1806 1147 1889; baseline 0.004 -23"><span class='ocrx_word' id='word_1_158' title='bbox 194 1806 305 1885; x_wconf 82' lang='lat' dir='ltr'><strong>collega</strong></span> <span class='ocrx_word' id='word_1_159' title='bbox 326 1811 387 1869; x_wconf 89' lang='lat' dir='ltr'><strong>eius</strong></span> <span class='ocrx_word' id='word_1_160' title='bbox 404 1811 519 1869; x_wconf 88' lang='lat' dir='ltr'><strong>incaute</strong></span> <span class='ocrx_word' id='word_1_161' title='bbox 532 1817 618 1889; x_wconf 90' lang='lat' dir='ltr'><strong>atque</strong></span> <span class='ocrx_word' id='word_1_162' title='bbox 629 1809 793 1870; x_wconf 85' lang='lat' dir='ltr'><strong>inconsulte</strong></span> <span class='ocrx_word' id='word_1_163' title='bbox 805 1810 943 1870; x_wconf 85' lang='lat' dir='ltr'><strong>adversus</strong></span> <span class='ocrx_word' id='word_1_164' title='bbox 954 1810 1147 1889; x_wconf 78' lang='lat' dir='ltr'><strong>Tarquinien-</strong></span> 
     </span>
    </p>

    <p class='ocr_par' dir='ltr' id='par_1_8' title="bbox 150 1892 1147 2140">
     <span class='ocr_line' id='line_1_20' title="bbox 150 1892 1146 1973; baseline 0.003 -21"><span class='ocrx_word' id='word_1_165' title='bbox 150 1893 242 1953; x_wconf 67' lang='lat' dir='ltr'><strong>‘oses</strong></span> <span class='ocrx_word' id='word_1_166' title='bbox 263 1895 410 1970; x_wconf 85' lang='lat' dir='ltr'><strong>pugnavit.</strong></span> <span class='ocrx_word' id='word_1_167' title='bbox 450 1912 504 1953; x_wconf 90' lang='lat' dir='ltr'><strong>nec</strong></span> <span class='ocrx_word' id='word_1_168' title='bbox 529 1895 559 1954; x_wconf 93' lang='lat' dir='ltr'><strong>in</strong></span> <span class='ocrx_word' id='word_1_169' title='bbox 581 1895 642 1955; x_wconf 89' lang='lat' dir='ltr'><strong>acie</strong></span> <span class='ocrx_word' id='word_1_170' title='bbox 666 1901 779 1954; x_wconf 90' lang='lat' dir='ltr'><strong>tantum</strong></span> <span class='ocrx_word' id='word_1_171' title='bbox 809 1893 849 1953; x_wconf 92' lang='lat' dir='ltr'><strong>ibi</strong></span> <span class='ocrx_word' id='word_1_172' title='bbox 871 1892 961 1953; x_wconf 88' lang='lat' dir='ltr'><strong>eladis</strong></span> <span class='ocrx_word' id='word_1_173' title='bbox 985 1902 1146 1973; x_wconf 88' lang='lat' dir='ltr'><strong>acceptum,</strong></span> 
     </span>
     <span class='ocr_line' id='line_1_21' title="bbox 192 1977 1147 2056; baseline 0.003 -21"><span class='ocrx_word' id='word_1_174' title='bbox 192 1993 278 2054; x_wconf 91' lang='lat' dir='ltr'><strong>quam</strong></span> <span class='ocrx_word' id='word_1_175' title='bbox 294 1977 371 2055; x_wconf 91' lang='lat' dir='ltr'><strong>quod</strong></span> <span class='ocrx_word' id='word_1_176' title='bbox 390 1985 535 2039; x_wconf 86' lang='lat' dir='ltr'><strong>trecentos</strong></span> <span class='ocrx_word' id='word_1_177' title='bbox 550 1985 663 2056; x_wconf 88' lang='lat' dir='ltr'><strong>septem</strong></span> <span class='ocrx_word' id='word_1_178' title='bbox 678 1977 785 2038; x_wconf 91' lang='lat' dir='ltr'><strong>milites</strong></span> <span class='ocrx_word' id='word_1_179' title='bbox 800 1977 947 2036; x_wconf 85' lang='lat' dir='ltr'><strong>Romanos</strong></span> <span class='ocrx_word' id='word_1_180' title='bbox 963 1986 1063 2054; x_wconf 89' lang='lat' dir='ltr'><strong>captos</strong></span> <span class='ocrx_word' id='word_1_181' title='bbox 1074 1978 1147 2038; x_wconf 88' lang='lat' dir='ltr'><strong>Far·</strong></span> 
     </span>
     <span class='ocr_line' id='line_1_22' title="bbox 192 2057 1146 2140; baseline 0.002 -22"><span class='ocrx_word' id='word_1_182' title='bbox 192 2061 360 2137; x_wconf 90' lang='lat' dir='ltr'><strong>quinienses</strong></span> <span class='ocrx_word' id='word_1_183' title='bbox 382 2060 584 2131; x_wconf 90' lang='lat' dir='ltr'><strong>immolarunt,</strong></span> <span class='ocrx_word' id='word_1_184' title='bbox 608 2080 664 2140; x_wconf 93' lang='lat' dir='ltr'><strong>qua</strong></span> <span class='ocrx_word' id='word_1_185' title='bbox 686 2061 823 2121; x_wconf 79' lang='lat' dir='ltr'><strong>foeditate</strong></span> <span class='ocrx_word' id='word_1_186' title='bbox 839 2057 976 2138; x_wconf 90' lang='lat' dir='ltr'><strong>supplicii</strong></span> <span class='ocrx_word' id='word_1_187' title='bbox 999 2059 1146 2138; x_wconf 91' lang='lat' dir='ltr'><strong>aliquanto</strong></span> 
     </span>
    </p>

    <p class='ocr_par' dir='ltr' id='par_1_9' title="bbox 151 2142 1146 2388">
     <span class='ocr_line' id='line_1_23' title="bbox 151 2142 1146 2224; baseline 0.004 -24"><span class='ocrx_word' id='word_1_188' title='bbox 151 2149 180 2200; x_wconf 96' lang='grc'><strong>11</strong></span> <span class='ocrx_word' id='word_1_189' title='bbox 193 2143 352 2220; x_wconf 83' lang='lat' dir='ltr'><strong>ignominia</strong></span> <span class='ocrx_word' id='word_1_190' title='bbox 367 2145 466 2224; x_wconf 89' lang='lat' dir='ltr'><strong>populi</strong></span> <span class='ocrx_word' id='word_1_191' title='bbox 481 2145 605 2206; x_wconf 88' lang='lat' dir='ltr'><strong>Romani</strong></span> <span class='ocrx_word' id='word_1_192' title='bbox 617 2144 782 2223; x_wconf 89' lang='lat' dir='ltr'><strong>insignitior</strong></span> <span class='ocrx_word' id='word_1_193' title='bbox 799 2142 861 2202; x_wconf 91' lang='lat' dir='ltr'><strong>luit.</strong></span> <span class='ocrx_word' id='word_1_194' title='bbox 893 2143 1014 2202; x_wconf 89' lang='lat' dir='ltr'><strong>accessit</strong></span> <span class='ocrx_word' id='word_1_195' title='bbox 1029 2143 1064 2201; x_wconf 91' lang='lat' dir='ltr'><strong>ad</strong></span> <span class='ocrx_word' id='word_1_196' title='bbox 1082 2161 1146 2204; x_wconf 89' lang='lat' dir='ltr'><strong>eam</strong></span> 
     </span>
     <span class='ocr_line' id='line_1_24' title="bbox 192 2225 1146 2306; baseline 0 -20"><span class='ocrx_word' id='word_1_197' title='bbox 192 2225 304 2286; x_wconf 90' lang='lat' dir='ltr'><strong>cladem</strong></span> <span class='ocrx_word' id='word_1_198' title='bbox 320 2236 349 2288; x_wconf 91' lang='lat' dir='ltr'><strong>et</strong></span> <span class='ocrx_word' id='word_1_199' title='bbox 364 2231 483 2290; x_wconf 87' lang='lat' dir='ltr'><strong>vastatio</strong></span> <span class='ocrx_word' id='word_1_200' title='bbox 500 2230 623 2291; x_wconf 87' lang='lat' dir='ltr'><strong>Romani</strong></span> <span class='ocrx_word' id='word_1_201' title='bbox 639 2229 718 2306; x_wconf 87' lang='lat' dir='ltr'><strong>agri,</strong></span> <span class='ocrx_word' id='word_1_202' title='bbox 741 2245 827 2306; x_wconf 87' lang='lat' dir='ltr'><strong>quam</strong></span> <span class='ocrx_word' id='word_1_203' title='bbox 845 2227 1042 2296; x_wconf 88' lang='lat' dir='ltr'><strong>Privernates,</strong></span> <span class='ocrx_word' id='word_1_204' title='bbox 1069 2226 1146 2287; x_wconf 91' lang='lat' dir='ltr'><strong>Veli·</strong></span> 
     </span>
     <span class='ocr_line' id='line_1_25' title="bbox 191 2311 918 2388; baseline -0.001 -18"><span class='ocrx_word' id='word_1_205' title='bbox 191 2311 268 2370; x_wconf 87' lang='lat' dir='ltr'><strong>terni</strong></span> <span class='ocrx_word' id='word_1_206' title='bbox 286 2311 405 2382; x_wconf 86' lang='lat' dir='ltr'><strong>deinde,</strong></span> <span class='ocrx_word' id='word_1_207' title='bbox 423 2314 590 2374; x_wconf 90' lang='lat' dir='ltr'><strong>incursione</strong></span> <span class='ocrx_word' id='word_1_208' title='bbox 607 2315 759 2388; x_wconf 89' lang='lat' dir='ltr'><strong>repentina</strong></span> <span class='ocrx_word' id='word_1_209' title='bbox 776 2312 918 2372; x_wconf 87' lang='lat' dir='ltr'><strong>lecerunt.</strong></span> 
     </span>
    </p>

    <p class='ocr_par' dir='ltr' id='par_1_10' title="bbox 150 2392 1144 2640">
     <span class='ocr_line' id='line_1_26' title="bbox 150 2392 1144 2474; baseline 0.005 -25"><span class='ocrx_word' id='word_1_210' title='bbox 150 2399 182 2450; x_wconf 79' lang='lat' dir='ltr'><strong>tt</strong></span> <span class='ocrx_word' id='word_1_211' title='bbox 256 2395 366 2454; x_wconf 87' lang='lat' dir='ltr'><strong>Eodem</strong></span> <span class='ocrx_word' id='word_1_212' title='bbox 382 2413 458 2454; x_wconf 92' lang='lat' dir='ltr'><strong>anno</strong></span> <span class='ocrx_word' id='word_1_213' title='bbox 471 2396 544 2456; x_wconf 93' lang='lat' dir='ltr'><strong>duae</strong></span> <span class='ocrx_word' id='word_1_214' title='bbox 560 2397 670 2464; x_wconf 91' lang='lat' dir='ltr'><strong>tribus,</strong></span> <span class='ocrx_word' id='word_1_215' title='bbox 686 2395 840 2474; x_wconf 88' lang='lat' dir='ltr'><strong>Pomptina</strong></span> <span class='ocrx_word' id='word_1_216' title='bbox 858 2402 886 2454; x_wconf 91' lang='lat' dir='ltr'><strong>et</strong></span> <span class='ocrx_word' id='word_1_217' title='bbox 903 2392 1041 2465; x_wconf 90' lang='lat' dir='ltr'><strong>Publilia,</strong></span> <span class='ocrx_word' id='word_1_218' title='bbox 1064 2393 1144 2454; x_wconf 92' lang='lat' dir='ltr'><strong>addi·</strong></span> 
     </span>
     <span class='ocr_line' id='line_1_27' title="bbox 190 2477 1143 2556; baseline 0 -18"><span class='ocrx_word' id='word_1_219' title='bbox 190 2485 252 2547; x_wconf 90' lang='lat' dir='ltr'><strong>tae;</strong></span> <span class='ocrx_word' id='word_1_220' title='bbox 275 2477 336 2538; x_wconf 93' lang='lat' dir='ltr'><strong>ludi</strong></span> <span class='ocrx_word' id='word_1_221' title='bbox 349 2480 451 2546; x_wconf 87' lang='grc'>111111,</span> <span class='ocrx_word' id='word_1_222' title='bbox 481 2497 555 2556; x_wconf 90' lang='lat' dir='ltr'><strong>quos</strong></span> <span class='ocrx_word' id='word_1_223' title='bbox 580 2479 618 2538; x_wconf 87' lang='lat' dir='ltr'><strong>M.</strong></span> <span class='ocrx_word' id='word_1_224' title='bbox 641 2479 746 2537; x_wconf 88' lang='lat' dir='ltr'><strong>Furius</strong></span> <span class='ocrx_word' id='word_1_225' title='bbox 767 2479 892 2537; x_wconf 89' lang='lat' dir='ltr'><strong>dictator</strong></span> <span class='ocrx_word' id='word_1_226' title='bbox 912 2486 1042 2548; x_wconf 83' lang='lat' dir='ltr'><strong>voverat,</strong></span> <span class='ocrx_word' id='word_1_227' title='bbox 1065 2478 1143 2538; x_wconf 88' lang='lat' dir='ltr'><strong>lacti.</strong></span> 
     </span>
     <span class='ocr_line' id='line_1_28' title="bbox 190 2560 1143 2640; baseline -0.002 -16"><span class='ocrx_word' id='word_1_228' title='bbox 190 2570 219 2624; x_wconf 93' lang='lat' dir='ltr'><strong>et</strong></span> <span class='ocrx_word' id='word_1_229' title='bbox 235 2562 271 2622; x_wconf 93' lang='lat' dir='ltr'><strong>de</strong></span> <span class='ocrx_word' id='word_1_230' title='bbox 292 2560 402 2622; x_wconf 89' lang='lat' dir='ltr'><strong>ambitu</strong></span> <span class='ocrx_word' id='word_1_231' title='bbox 419 2561 455 2622; x_wconf 93' lang='lat' dir='ltr'><strong>ab</strong></span> <span class='ocrx_word' id='word_1_232' title='bbox 474 2561 504 2622; x_wconf 87' lang='lat' dir='ltr'><strong>C.</strong></span> <span class='ocrx_word' id='word_1_233' title='bbox 520 2560 650 2622; x_wconf 91' lang='lat' dir='ltr'><strong>Poetelio</strong></span> <span class='ocrx_word' id='word_1_234' title='bbox 662 2560 782 2621; x_wconf 89' lang='lat' dir='ltr'><strong>tribuno</strong></span> <span class='ocrx_word' id='word_1_235' title='bbox 799 2560 894 2639; x_wconf 89' lang='lat' dir='ltr'><strong>plebis</strong></span> <span class='ocrx_word' id='word_1_236' title='bbox 910 2561 1079 2622; x_wconf 86' lang='lat' dir='ltr'><strong>auctoribus</strong></span> <span class='ocrx_word' id='word_1_237' title='bbox 1093 2580 1143 2640; x_wconf 87' lang='lat' dir='ltr'><strong>pa·</strong></span> 
     </span>
    </p>

    <p class='ocr_par' dir='ltr' id='par_1_11' title="bbox 150 2644 1145 2726">
     <span class='ocr_line' id='line_1_29' title="bbox 150 2644 1145 2726; baseline 0.004 -24"><span class='ocrx_word' id='word_1_238' title='bbox 150 2649 180 2702; x_wconf 84' lang='lat'><strong>1³</strong></span> <span class='ocrx_word' id='word_1_239' title='bbox 189 2646 282 2706; x_wconf 90' lang='lat' dir='ltr'><strong>tribus</strong></span> <span class='ocrx_word' id='word_1_240' title='bbox 299 2655 359 2706; x_wconf 92' lang='lat' dir='ltr'><strong>tum</strong></span> <span class='ocrx_word' id='word_1_241' title='bbox 373 2647 500 2726; x_wconf 91' lang='lat' dir='ltr'><strong>primum</strong></span> <span class='ocrx_word' id='word_1_242' title='bbox 516 2645 552 2705; x_wconf 92' lang='lat' dir='ltr'><strong>ad</strong></span> <span class='ocrx_word' id='word_1_243' title='bbox 564 2644 703 2724; x_wconf 91' lang='lat' dir='ltr'><strong>populum</strong></span> <span class='ocrx_word' id='word_1_244' title='bbox 716 2644 805 2704; x_wconf 88' lang='lat' dir='ltr'><strong>latum</strong></span> <span class='ocrx_word' id='word_1_245' title='bbox 818 2650 876 2713; x_wconf 90' lang='grc'>111,</span> <span class='ocrx_word' id='word_1_246' title='bbox 889 2661 980 2722; x_wconf 89' lang='lat' dir='ltr'><strong>caque</strong></span> <span class='ocrx_word' id='word_1_247' title='bbox 992 2647 1145 2722; x_wconf 88' lang='lat' dir='ltr'><strong>rogatione</strong></span> 
     </span>
    </p>
   </div>
   <div class='ocr_carea' id='block_1_3' title="bbox 159 2727 1258 3050">
    <p class='ocr_par' dir='ltr' id='par_1_12' title="bbox 159 2727 1258 3050">
     <span class='ocr_line' id='line_1_30' title="bbox 189 2727 1258 2806; baseline 0.003 -20"><span class='ocrx_word' id='word_1_248' title='bbox 189 2745 331 2789; x_wconf 87' lang='lat' dir='ltr'><strong>novorum</strong></span> <span class='ocrx_word' id='word_1_249' title='bbox 352 2730 476 2790; x_wconf 86' lang='lat' dir='ltr'><strong>maxime</strong></span> <span class='ocrx_word' id='word_1_250' title='bbox 491 2729 643 2790; x_wconf 89' lang='lat' dir='ltr'><strong>hominum</strong></span> <span class='ocrx_word' id='word_1_251' title='bbox 661 2727 867 2796; x_wconf 88' lang='lat' dir='ltr'><strong>ambitionem,</strong></span> <span class='ocrx_word' id='word_1_252' title='bbox 887 2728 937 2806; x_wconf 92' lang='lat' dir='ltr'><strong>qui</strong></span> <span class='ocrx_word' id='word_1_253' title='bbox 954 2729 1101 2790; x_wconf 88' lang='lat' dir='ltr'><strong>nundinas</strong></span> <span class='ocrx_word' id='word_1_254' title='bbox 1115 2735 1145 2789; x_wconf 84' lang='lat' dir='ltr'><strong>et</strong></span> <span class='ocrx_word' id='word_1_255' title='bbox 1257 2727 1258 2733; x_wconf 74' lang='grc'>’</span> 
     </span>
     <span class='ocr_line' id='line_1_31' title="bbox 190 2810 1257 2890; baseline 0.003 -20"><span class='ocrx_word' id='word_1_256' title='bbox 190 2810 383 2872; x_wconf 88' lang='lat' dir='ltr'><strong>conciliabula</strong></span> <span class='ocrx_word' id='word_1_257' title='bbox 415 2812 498 2872; x_wconf 87' lang='lat' dir='ltr'><strong>obire</strong></span> <span class='ocrx_word' id='word_1_258' title='bbox 523 2812 599 2872; x_wconf 89' lang='lat' dir='ltr'><strong>soliti</strong></span> <span class='ocrx_word' id='word_1_259' title='bbox 625 2818 722 2882; x_wconf 85' lang='lat' dir='ltr'><strong>erant,</strong></span> <span class='ocrx_word' id='word_1_260' title='bbox 749 2829 936 2890; x_wconf 86' lang='lat' dir='ltr'><strong>conpressam</strong></span> <span class='ocrx_word' id='word_1_261' title='bbox 973 2811 1142 2873; x_wconf 89' lang='lat' dir='ltr'><strong>credebant.</strong></span> <span class='ocrx_word' id='word_1_262' title='bbox 1256 2817 1257 2830; x_wconf 62' lang='lat'>¹</span> 
     </span>
     <span class='ocr_line' id='line_1_32' title="bbox 159 2891 1256 2974; baseline 0.005 -24"><span class='ocrx_word' id='word_1_263' title='bbox 159 2899 172 2949; x_wconf 96' lang='grc'><strong>1</strong></span> <span class='ocrx_word' id='word_1_264' title='bbox 188 2893 260 2954; x_wconf 86' lang='lat' dir='ltr'><strong>XVl.</strong></span> <span class='ocrx_word' id='word_1_265' title='bbox 290 2895 372 2954; x_wconf 90' lang='lat' dir='ltr'><strong>Haud</strong></span> <span class='ocrx_word' id='word_1_266' title='bbox 391 2913 483 2974; x_wconf 87' lang='lat' dir='ltr'><strong>aeque</strong></span> <span class='ocrx_word' id='word_1_267' title='bbox 497 2894 572 2955; x_wconf 88' lang='lat' dir='ltr'><strong>laeta</strong></span> <span class='ocrx_word' id='word_1_268' title='bbox 588 2896 719 2974; x_wconf 88' lang='lat' dir='ltr'><strong>patribus</strong></span> <span class='ocrx_word' id='word_1_269' title='bbox 740 2896 905 2974; x_wconf 91' lang='lat' dir='ltr'><strong>insequenti</strong></span> <span class='ocrx_word' id='word_1_270' title='bbox 926 2913 1003 2956; x_wconf 91' lang='lat' dir='ltr'><strong>anno</strong></span> <span class='ocrx_word' id='word_1_271' title='bbox 1021 2896 1143 2957; x_wconf 75' lang='grc'>(1.1111·</span> <span class='ocrx_word' id='word_1_272' title='bbox 1255 2891 1256 2927; x_wconf 45' lang='grc'><strong>1</strong></span> 
     </span>
     <span class='ocr_line' id='line_1_33' title="bbox 190 2977 1254 3050; baseline 0.001 -12"><span class='ocrx_word' id='word_1_273' title='bbox 190 2979 234 3039; x_wconf 90' lang='grc'><strong>111</strong></span> <span class='ocrx_word' id='word_1_274' title='bbox 257 2977 308 3038; x_wconf 82' lang='lat' dir='ltr'><strong>Cn.</strong></span> <span class='ocrx_word' id='word_1_275' title='bbox 330 2977 437 3039; x_wconf 88' lang='lat' dir='ltr'><strong>lllanlio</strong></span> <span class='ocrx_word' id='word_1_276' title='bbox 458 2978 627 3048; x_wconf 88' lang='lat' dir='ltr'><strong>consulibus</strong></span> <span class='ocrx_word' id='word_1_277' title='bbox 642 2980 678 3039; x_wconf 91' lang='lat' dir='ltr'><strong>de</strong></span> <span class='ocrx_word' id='word_1_278' title='bbox 696 2981 827 3040; x_wconf 87' lang='lat' dir='ltr'><strong>unciario</strong></span> <span class='ocrx_word' id='word_1_279' title='bbox 843 2979 962 3040; x_wconf 84' lang='lat' dir='ltr'><strong>faenore</strong></span> <span class='ocrx_word' id='word_1_280' title='bbox 980 2999 1005 3040; x_wconf 91' lang='lat' dir='ltr'><strong>a.</strong></span> <span class='ocrx_word' id='word_1_281' title='bbox 1021 2981 1057 3041; x_wconf 89' lang='grc' dir='ltr'><strong>Μ.</strong></span> <span class='ocrx_word' id='word_1_282' title='bbox 1074 2979 1142 3040; x_wconf 88' lang='lat' dir='ltr'><strong>Dui·</strong></span> <span class='ocrx_word' id='word_1_283' title='bbox 1234 3035 1254 3050; x_wconf 8' lang='grc' dir='ltr'><strong>,Ἴ</strong></span> 
     </span>
    </p>
   </div>
   <div class='ocr_carea' id='block_1_4' title="bbox 187 3061 1142 3230">
    <p class='ocr_par' dir='ltr' id='par_1_13' title="bbox 187 3061 1142 3230">
     <span class='ocr_line' id='line_1_34' title="bbox 187 3061 1142 3142; baseline 0.001 -20"><span class='ocrx_word' id='word_1_284' title='bbox 187 3061 227 3122; x_wconf 90' lang='lat' dir='ltr'><strong>llo</strong></span> <span class='ocrx_word' id='word_1_285' title='bbox 255 3062 287 3122; x_wconf 91' lang='lat' dir='ltr'><strong>L.</strong></span> <span class='ocrx_word' id='word_1_286' title='bbox 309 3061 445 3122; x_wconf 87' lang='lat' dir='ltr'><strong>Menenio</strong></span> <span class='ocrx_word' id='word_1_287' title='bbox 478 3062 603 3123; x_wconf 87' lang='lat' dir='ltr'><strong>tribunis</strong></span> <span class='ocrx_word' id='word_1_288' title='bbox 632 3062 726 3142; x_wconf 90' lang='lat' dir='ltr'><strong>plebis</strong></span> <span class='ocrx_word' id='word_1_289' title='bbox 753 3064 867 3140; x_wconf 86' lang='lat' dir='ltr'><strong>rogatio</strong></span> <span class='ocrx_word' id='word_1_290' title='bbox 888 3071 933 3124; x_wconf 87' lang='lat' dir='ltr'><strong>est</strong></span> <span class='ocrx_word' id='word_1_291' title='bbox 956 3063 1083 3142; x_wconf 82' lang='lat' dir='ltr'><strong>perlata3</strong></span> <span class='ocrx_word' id='word_1_292' title='bbox 1113 3070 1142 3123; x_wconf 91' lang='lat' dir='ltr'><strong>et</strong></span> 
     </span>
     <span class='ocr_line' id='line_1_35' title="bbox 188 3144 940 3230; baseline 0.004 -25"><span class='ocrx_word' id='word_1_293' title='bbox 188 3144 282 3225; x_wconf 90' lang='lat' dir='ltr'><strong>plebis</strong></span> <span class='ocrx_word' id='word_1_294' title='bbox 299 3145 447 3224; x_wconf 89' lang='lat' dir='ltr'><strong>aliquanto</strong></span> <span class='ocrx_word' id='word_1_295' title='bbox 465 3165 529 3206; x_wconf 91' lang='lat' dir='ltr'><strong>eam</strong></span> <span class='ocrx_word' id='word_1_296' title='bbox 548 3149 681 3226; x_wconf 89' lang='lat' dir='ltr'><strong>cupidius</strong></span> <span class='ocrx_word' id='word_1_297' title='bbox 696 3149 778 3206; x_wconf 86' lang='lat' dir='ltr'><strong>scirit</strong></span> <span class='ocrx_word' id='word_1_298' title='bbox 795 3145 940 3230; x_wconf 72' lang='lat' dir='ltr'><strong>[accepitl.</strong></span> 
     </span>
    </p>
   </div>
   <div class='ocr_carea' id='block_1_5' title="bbox 156 3229 1244 3310">
    <p class='ocr_par' dir='ltr' id='par_1_14' title="bbox 156 3229 1244 3310">
     <span class='ocr_line' id='line_1_36' title="bbox 156 3229 1244 3310; baseline 0 -20"><span class='ocrx_word' id='word_1_299' title='bbox 156 3233 172 3284; x_wconf 76' lang='lat'>2</span> <span class='ocrx_word' id='word_1_300' title='bbox 250 3230 293 3290; x_wconf 78' lang='lat' dir='ltr'><strong>ld</strong></span> <span class='ocrx_word' id='word_1_301' title='bbox 317 3229 392 3290; x_wconf 92' lang='lat' dir='ltr'><strong>bella</strong></span> <span class='ocrx_word' id='word_1_302' title='bbox 413 3248 486 3291; x_wconf 91' lang='lat' dir='ltr'><strong>nova</strong></span> <span class='ocrx_word' id='word_1_303' title='bbox 511 3235 609 3310; x_wconf 85' lang='lat' dir='ltr'><strong>priore</strong></span> <span class='ocrx_word' id='word_1_304' title='bbox 636 3249 713 3292; x_wconf 88' lang='lat' dir='ltr'><strong>anno</strong></span> <span class='ocrx_word' id='word_1_305' title='bbox 737 3231 879 3291; x_wconf 90' lang='lat' dir='ltr'><strong>destinata</strong></span> <span class='ocrx_word' id='word_1_306' title='bbox 900 3231 1005 3292; x_wconf 89' lang='lat' dir='ltr'><strong>Falisci</strong></span> <span class='ocrx_word' id='word_1_307' title='bbox 1026 3247 1141 3310; x_wconf 88' lang='lat' dir='ltr'><strong>quoquc</strong></span> <span class='ocrx_word' id='word_1_308' title='bbox 1240 3270 1244 3280; x_wconf 85' lang='lat'>-</span> 
     </span>
    </p>
   </div>
   <div class='ocr_carea' id='block_1_6' title="bbox 188 3312 1141 3562">
    <p class='ocr_par' dir='ltr' id='par_1_15' title="bbox 188 3312 1141 3562">
     <span class='ocr_line' id='line_1_37' title="bbox 188 3312 1141 3394; baseline 0.003 -23"><span class='ocrx_word' id='word_1_309' title='bbox 188 3312 287 3373; x_wconf 91' lang='lat' dir='ltr'><strong>hostes</strong></span> <span class='ocrx_word' id='word_1_310' title='bbox 304 3315 398 3374; x_wconf 87' lang='lat' dir='ltr'><strong>exorti</strong></span> <span class='ocrx_word' id='word_1_311' title='bbox 421 3315 530 3392; x_wconf 91' lang='lat' dir='ltr'><strong>duplici</strong></span> <span class='ocrx_word' id='word_1_312' title='bbox 552 3319 687 3384; x_wconf 88' lang='lat' dir='ltr'><strong>crimine,</strong></span> <span class='ocrx_word' id='word_1_313' title='bbox 712 3315 789 3394; x_wconf 90' lang='lat' dir='ltr'><strong>quod</strong></span> <span class='ocrx_word' id='word_1_314' title='bbox 813 3324 842 3375; x_wconf 91' lang='lat' dir='ltr'><strong>et</strong></span> <span class='ocrx_word' id='word_1_315' title='bbox 864 3333 929 3374; x_wconf 91' lang='lat' dir='ltr'><strong>curn</strong></span> <span class='ocrx_word' id='word_1_316' title='bbox 948 3315 1141 3393; x_wconf 87' lang='lat' dir='ltr'><strong>Tarquinien-</strong></span> 
     </span>
     <span class='ocr_line' id='line_1_38' title="bbox 189 3394 1140 3481; baseline 0.004 -29"><span class='ocrx_word' id='word_1_317' title='bbox 189 3394 269 3456; x_wconf 90' lang='lat' dir='ltr'><strong>sibus</strong></span> <span class='ocrx_word' id='word_1_318' title='bbox 284 3399 417 3459; x_wconf 84' lang='lat' dir='ltr'><strong>iuventus</strong></span> <span class='ocrx_word' id='word_1_319' title='bbox 429 3418 531 3460; x_wconf 89' lang='lat' dir='ltr'><strong>eorum</strong></span> <span class='ocrx_word' id='word_1_320' title='bbox 545 3399 730 3470; x_wconf 87' lang='lat' dir='ltr'><strong>militaverat,</strong></span> <span class='ocrx_word' id='word_1_321' title='bbox 748 3406 777 3460; x_wconf 90' lang='lat' dir='ltr'><strong>et</strong></span> <span class='ocrx_word' id='word_1_322' title='bbox 791 3417 855 3481; x_wconf 84' lang='lat' dir='ltr'><strong>eos,</strong></span> <span class='ocrx_word' id='word_1_323' title='bbox 872 3399 920 3476; x_wconf 91' lang='lat' dir='ltr'><strong>qui</strong></span> <span class='ocrx_word' id='word_1_324' title='bbox 932 3397 1062 3458; x_wconf 88' lang='lat' dir='ltr'><strong>Falerios</strong></span> <span class='ocrx_word' id='word_1_325' title='bbox 1073 3415 1140 3477; x_wconf 88' lang='lat' dir='ltr'><strong>per·</strong></span> 
     </span>
     <span class='ocr_line' id='line_1_39' title="bbox 188 3476 1140 3562; baseline 0.005 -26"><span class='ocrx_word' id='word_1_326' title='bbox 188 3476 340 3555; x_wconf 82' lang='lat' dir='ltr'><strong>lugerent,</strong></span> <span class='ocrx_word' id='word_1_327' title='bbox 356 3499 422 3540; x_wconf 89' lang='lat' dir='ltr'><strong>cum</strong></span> <span class='ocrx_word' id='word_1_328' title='bbox 437 3482 513 3542; x_wconf 90' lang='lat' dir='ltr'><strong>male</strong></span> <span class='ocrx_word' id='word_1_329' title='bbox 528 3493 688 3562; x_wconf 91' lang='lat' dir='ltr'><strong>pugnatum</strong></span> <span class='ocrx_word' id='word_1_330' title='bbox 702 3492 759 3552; x_wconf 90' lang='lat' dir='ltr'><strong>est,</strong></span> <span class='ocrx_word' id='word_1_331' title='bbox 777 3480 978 3559; x_wconf 89' lang='lat' dir='ltr'><strong>repetentibus</strong></span> <span class='ocrx_word' id='word_1_332' title='bbox 996 3481 1140 3542; x_wconf 78' lang='lat' dir='ltr'><strong>fetialibus</strong></span> 
     </span>
    </p>
   </div>
   <div class='ocr_carea' id='block_1_7' title="bbox 0 0 1270 3938">
    <p class='ocr_par' dir='ltr' id='par_1_16' title="bbox 0 0 1270 3938">
     <span class='ocr_line' id='line_1_40' title="bbox 0 0 1270 3938; baseline 0 3"><span class='ocrx_word' id='word_1_333' title='bbox 0 0 1270 3938; x_wconf 95' lang='lat' dir='ltr'><strong> </strong></span> 
     </span>
    </p>
   </div>
  </div>
 </body>
</html>
