2546 3936
364 231 547 302 ιιιιιιιιιιιι.
571 217 680 273 osmi«
699 209 867 293 [ιβιιο]
942 213 944 218 ’
1032 199 1109 284 ιδ’
1178 303 1180 309 Ι

140 392 231 451 certe,
247 395 315 441 eum
327 387 491 440 commotus
502 381 547 440 ira
559 397 591 440 se
605 379 775 440 avesdbulo
789 380 891 460 templi
905 381 993 442 citato
1007 383 1100 460 gradu
1115 392 1132 440 a

137 468 330 547 proriperet..
342 461 442 542 lapsus
458 481 513 542 per
533 464 644 542 gredau
664 465 760 542 eapite
781 465 909 542 graviter
924 465 1037 525 olienso
1053 471 1099 526 in·

137 559 241 631 paetus
256 550 318 608 imo
332 548 374 607 ita
387 554 433 608 est
446 565 534 629 saxo,
549 557 582 608 ut
596 547 753 626 sopiretur.
784 549 981 608 exanimatum
997 549 1098 612 auoto-
1113 557 1130 609 ι

136 651 188 694 res
207 633 422 713 quoniam'non
443 649 546 692 omnes
560 631 643 700 suut,
662 631 735 691 mihi
746 649 864 712 quoque
877 632 908 690 in
921 633 1036 693 incerto
1051 652 1099 694 re·
1115 665 1118 672 =

136 717 239 778 lictum
263 717 315 786 ιιι,
346 715 422 776 sieut
447 715 525 774 inter
549 714 704 785 foederum
732 725 887 794 ruptorum
912 717 1098 777 testationem

135 802 252 880 ingenti
265 801 384 877 fragore
400 796 474 858 caeli
488 795 649 878 procellam
666 799 804 868 ellusam;
820 817 887 859 nam
903 807 932 859 et
949 818 1017 860 vera
1034 819 1130 862 esse
1197 865 1198 870 1

138 895 169 946 et
190 891 258 965 apte
282 884 320 944 ad
347 882 667 961 repraesentandam
658 899 731 958 uam
759 882 846 944 deum
873 884 941 944 licta
964 893 1097 963 possunt

71 970 73 974 '
136 967 311 1047 Torquatus
319 968 427 1032 missus
442 966 479 1028 ab
493 974 598 1028 senatu
614 967 650 1027 ad
671 966 861 1029 dimittendos
880 965 1008 1046 legatos,
1029 975 1129 1028 eume

135 1055 282 1114 iacentem
294 1052 422 1114 Annium
437 1050 572 1122 vidisset,
597 1050 764 1121 exclamat,-
776 1052 814 1111 ita
830 1060 863 1112 ut
881 1051 991 1130 populo
1006 1053 1097 1130 patri·
1202 1091 1204 1096 ,

110 1189 119 1197 .
135 1135 251 1215 busque
266 1136 363 1197 audita
378 1152 433 1194 vox
447 1137 560 1215 pariter
574 1136 626 1196 ιιι.
642 1134 744 1206 „bene
759 1135 863 1204 haben
879 1135 920 1195 dii
938 1137 1020 1215 pium
1035 1154 1098 1195 mo·

135 1218 338 1304 terebellum.
361 1226 406 1280 est
417 1219 544 1280 caeleste
554 1237 680 1288 numen;
696 1238 728 1280 es
738 1222 844 1297 magne
855 1217 1003 1298 luppiter:
1019 1219 1129 1281 baudo

135 1306 247 1366 trustra
269 1312 299 1363 te
322 1310 436 1402 patrem
457 1303 545 1363 deum
569 1303 781 1382 hominumque
804 1303 860 1364 luae
883 1303 954 1363 sede
970 1305 1097 1364 sacravi·

135 1405 212 1449 mus.
236 1386 307 1466 quud
318 1388 447 1456 cessans
462 1387 597 1458 Quantos
602 1405 712 1466 vosque
722 1397 822 1466 patres
834 1387 1003 1464 conscripti
1016 1404 1098 1448 arma
1111 1391 1142 1462 ιι,

137 1479 246 1556 capere
261 1469 324 1530 deis
340 1470 481 1532 ducibusi
510 1474 554 1532 sie
563 1479 670 1541 stratas
680 1468 813 1549 legiones
825 1471 997 1530 Latinorum
1010 1469 1096 1538 dabo

137 1549 384 1634 quemadmodum
394 1552 543 1632 legatum
534 1563 680 1616 iacentem
694 1554 828 1615 ridetisfl
839 1553 983 1615 adsensu
995 1553 1097 1634 populi
1111 1558 1127 1608 t

137 1646 259 1716 excepta
275 1655 329 1698 vox
344 1638 474 1700 consulis
491 1648 605 1700 tantum
620 1639 736 1700 ardoris
750 1640 855 1700 animis
866 1638 951 1708 lecit
970 1647 1003 1698 ut
1017 1637 1097 1716 lega·
1139 1647 1142 1652 '

135 1732 182 1782 tos
193 1722 419 1801 proficiscentes
426 1741 498 1783 eura
510 1725 732 1801 magistratuum
749 1725 917 1821 magis,qu1
908 1723 1014 1784 iussu
1026 1739 1097 1782 eon·

135 1805 209 1868 sulis
219 1805 492 1886 prosequebantur,
508 1825 597 1886 quam
610 1809 656 1892 ius
668 1809 799 1886 gentium
815 1806 874 1867 ab
867 1823 911 1866 ua
925 1806 1098 1909 impetuque

134 1891 289 1951 hominum
305 1898 428 1968 tegeret.

193 1974 355 2036 consensit
364 1982 394 2034 et
404 1984 522 2034 senatus
533 1973 659 2042 bellum
671 1973 867 2052 consulesque
879 1974 993 2035 duobus
1004 1975 1097 2052 serap
1112 1980 1129 2031 8
1156 1983 1159 1988 ·

26 2041 27 2044 ¹
135 2061 173 2120 ιιι
187 2056 366 2118 exercitibus
382 2075 438 2137 per
454 2057 567 2122 llarsos
583 2057 797 2137 Paelignosque
814 2058 940 2134 proiecti
957 2050 1134 2119 adiuncto

134 2143 310 2204 Samnitium
331 2143 462 2217 exercitu
477 2142 513 2202 ad
531 2140 676 2220 Capuam,
700 2161 768 2221 quo
775 2143 834 2201 iam
851 2142 947 2203 Latini
964 2142 1096 2219 sociique

15 2255 19 2262 -
134 2234 349 2295 convenerant,
372 2233 467 2285 eastra
483 2225 590 2286 locant.
627 2225 718 2285 ibim
734 2227 833 2303 quiete
851 2227 968 2303 utrique
982 2223 1137 2284 consulis

135 2309 239 2369 eadem
256 2309 363 2370 dieitur
377 2310 438 2370 visa
453 2310 567 2388 species
583 2311 638 2368 viri
654 2309 774 2368 maioris
788 2327 876 2387 quam
894 2315 949 2386 pro
965 2308 1094 2369 humano

134 2391 237 2452 habitu
252 2393 501 2472 augustiorisque,
526 2392 651 2453 dicentis
665 2410 702 2452 ex
719 2410 777 2452 una
793 2393 855 2452 acie
872 2394 1138 2470 imperatoremm

135 2493 173 2536 ex
184 2477 277 2537 altera
287 2478 454 2537 exereitum
468 2475 532 2537 ‹leis
546 2477 681 2544 manibus
694 2477 840 2555 matrique
855 2476 967 2537 Terrae
982 2474 1126 2536 deberi..

134 2561 230 2621 utrius
244 2562 414 2622 exereitus
404 2559 568 2639 imperator
589 2561 722 2638 legiones
738 2561 867 2621 bostium
883 2577 1031 2640 superque
1046 2576 1095 2619 eas
1193 2587 1195 2591 ·

74 2684 76 2688 -
134 2661 167 2704 se
181 2643 357 2715 devovisset,
382 2646 445 2705 eius
465 2641 568 2724 populi
587 2647 739 2724 partisque
758 2645 912 2704 victoriam
931 2644 1005 2705 lore.
1038 2642 1135 2702 hosti

72 2751 101 2785 ¹.
133 2727 186 2788 ubi
200 2736 361 2789 ιιοιιιιιιιοι
376 2729 457 2788 risus
468 2729 547 2788 inter
562 2747 594 2789 se
612 2727 748 2804 eonsules
766 2727 969 2796 coutulerunt,
985 2726 1095 2806 pla'eult
1155 2763 1156 2766 =

133 2813 373 2888 averruncandae
395 2812 486 2872 deum
509 2813 572 2872 irae
598 2798 730 2872 riotinaas
751 2812 850 2884 eaedi,
880 2810 968 2874 simul
992 2817 1040 2882 ιιι,
1068 2811 1105 2870 si
1194 2827 1196 2833 ·

133 2898 217 2957 extis
229 2895 349 2967 eadem,
370 2905 445 2975 quae
465 2897 580 2956 somnio
600 2897 660 2958 risa
679 2897 811 2968 inerant,
833 2895 1092 2976 portenderentur,

134 2978 278 3040 alteruter
296 2980 450 3041 consulum
465 2979 523 3041 lata
547 2979 685 3059 inpleret
722 2979 774 3040 ubi
794 2998 936 3060 respousa
958 2979 1136 3057 haruspi·-12

51 3116 54 3120 ,
134 3079 204 3122 eum
224 3062 362 3124 insidenti
388 3066 447 3126 lam
470 3065 569 3126 animo
586 3065 690 3126 tacitae
715 3064 853 3142 religioni
881 3071 1091 3140 congruerunt,

132 3146 198 3206 tum
214 3144 352 3207 adhibitis
367 3145 470 3225 legatis
484 3146 669 3227 tribunisque
683 3157 713 3208 et
734 3148 866 3225 imperiis
882 3146 969 3206 deum
984 3161 1091 3223 propa·
1150 3183 1153 3188 ·

132 3227 193 3290 lam
209 3231 363 3309 expositis,
387 3249 425 3291 ne
446 3249 527 3292 mors
546 3227 718 3292 voluntaria
726 3229 855 3291 consulis
877 3230 1039 3290 exereitum
1060 3229 1091 3287 in

133 3315 197 3374 aeie
216 3323 362 3385 terreret,
385 3323 547 3394 conparant
565 3316 644 3375 inter
664 3325 717 3386 se,
741 3323 776 3375 ut
797 3312 833 3374 ab
853 3320 922 3374 utra
936 3319 1021 3391 parte
1042 3315 1090 3372 oe'·
1101 3319 1134 3370 lt

133 3396 206 3458 dere
225 3397 377 3460 Romanus
396 3400 543 3460 exereitus
565 3399 727 3476 coepisset,
749 3390 820 3458 inde
833 3415 865 3458 se
886 3393 996 3457 consul
1003 3393 1091 3456 dero·
1139 3431 1142 3436 -

68 3557 70 3562 Ι
132 3491 215 3544 verat
229 3499 286 3564 pro
305 3483 416 3564 populo
421 3475 565 3545 llomano
580 3481 811 3601 Quiritibusque
846 3479 987 3560 agitatum
1002 3481 1134 3540 etiami
1180 3560 1182 3564 ι
