2532 3938
359 174 853 261 nmmn1.om.ao.[a.u.340]
1042 183 1084 247 tt

124 365 210 410 mano
227 362 332 406 cernes
346 350 469 424 repente
485 345 517 404 in
532 341 613 422 galea
629 343 776 414 consedit,
791 346 823 406 in
837 344 952 408 hostem
966 362 1078 408 versus.

124 429 201 512 quod
217 431 315 508 primo
330 436 363 489 ut
381 429 536 506 augurium
552 427 633 489 caelo
653 429 775 490 missum
791 428 884 491 lactus
899 431 1013 510 accepit
1026 431 1113 490 tri-4

124 516 233 583 hunus,
249 519 386 593 precatus
408 511 528 572 deinde:
550 514 576 572 si
597 512 693 582 divus,
716 515 740 574 si
760 512 825 573 diva
848 520 939 583 esset,
960 516 1010 593 qui
1024 513 1081 576 sibi

123 593 830 679 praepetemmisisset,volenspropitiusedessct.
852 596 1115 667 dictumirabile,o

122 683 217 742 tenuit
227 697 288 740 non
307 678 403 741 solum
420 677 481 740 ales
498 688 611 760 captam
624 679 714 740 semel
726 680 838 750 sedem,
854 680 915 750 sed,
932 681 1081 758 quotiens·

119 782 248 844 *eumque
266 771 416 824 certamen
433 764 537 824 initum
554 771 616 834 est,
638 763 738 824 levares
754 783 786 826 se
804 763 857 826 alis
873 782 906 824 os
924 762 1083 843 oculosque

122 849 214 910 hostis
225 854 323 908 rostro
345 854 375 907 ct
389 847 536 924 unguibus
550 847 676 927 adpetit,
695 848 790 910 donec
802 851 938 910 territum
954 846 1084 926 prodigii

121 931 189 993 talis
203 933 268 993 visu
281 929 433 1010 oculisque
446 931 534 993 simul
549 950 583 993 ac
598 939 696 993 mente
712 932 862 994 turbatum
879 930 1011 992 Valerius
1027 929 1080 991 ob-

122 1023 249 1078 truncat
283 1032 387 1076 corvus
402 1033 438 1076 er
455 1023 614 1094 conspectu
630 1015 723 1077 clatus
740 1019 886 1078 orientem
902 1017 984 1096 petit.
1013 1015 1115 1075 bac-t

121 1107 208 1161 tenus
223 1099 339 1178 quietae
349 1100 497 1178 utrimque
512 1100 651 1160 stationes
665 1100 758 1161 luere.
786 1107 941 1180 postquam
954 1097 1083 1179 spoliare

120 1201 230 1264 corpus
250 1184 329 1242 caesi
353 1182 446 1243 hostis
467 1183 603 1243 tribunus
617 1185 728 1263 eoepit,
748 1202 803 1244 nec
821 1183 896 1245 Galli
910 1201 942 1244 se
957 1185 1083 1244 statione

121 1272 298 1336 tenuerunt,
315 1273 345 1326 et
354 1264 553 1327 Romanorum
568 1284 672 1326 cursus
686 1265 723 1327 ad
736 1269 879 1328 victorem
896 1268 984 1328 etiarn
1000 1268 1083 1327 ocior

123 1351 186 1411 tuit.
222 1349 265 1409 ibi
284 1350 363 1410 circa
386 1351 507 1410 iacentis
528 1348 603 1410 Galli
625 1367 733 1428 corpus
753 1357 906 1410 contracto
920 1351 1083 1410 certamine

121 1452 221 1515 pugna
236 1440 320 1495 atrox
335 1433 509 1493 concitatur.
545 1434 603 1492 iam
626 1450 686 1492 non
705 1432 861 1512 manipulis
881 1434 1113 1512 proximarum?

122 1519 282 1580 stationum
302 1516 354 1576 sed
385 1515 550 1593 legionibus
579 1518 728 1595 utrimque
756 1517 854 1578 eiiusie
879 1534 929 1576 res
959 1516 1082 1594 geritur.

121 1599 261 1663 Camillus
275 1599 385 1661 lactum
396 1598 518 1660 militem
534 1601 655 1662 victoria
667 1599 791 1671 tribuni,
808 1600 916 1662 laetum
928 1608 988 1661 tam
997 1615 1083 1679 prae·

122 1684 255 1747 sentibus
269 1702 303 1744 ac
318 1683 455 1744 secundis
470 1684 525 1746 diis
536 1686 581 1745 ire
594 1686 625 1746 in
640 1683 787 1766 proelium
804 1684 899 1755 iubet:
918 1690 1083 1745 ostentans·

121 1787 179 1849 que
194 1769 340 1845 insignem
361 1766 462 1845 spoliis
486 1768 650 1831 tribunum:
682 1769 787 1840 „hunc
811 1770 943 1838 imitare,
967 1768 1084 1837 miles.“

1 1885 6 1905 .
123 1852 233 1921 aiebat,
250 1859 308 1922 „et
321 1852 398 1911 circa
420 1852 565 1913 iacentem
581 1853 687 1914 (lucem
708 1861 808 1914 sterne
823 1852 974 1913 Gallorum
988 1858 1084 1912 ceter·

122 1944 203 1998 vas.“
228 1935 268 1996 dii
283 1935 476 2015 hominesque
489 1935 532 1995 illi
544 1936 666 1997 adiuero
677 1955 807 2016 pugnae,
826 1935 1083 2014 depugnatumque
1098 1940 1116 1992 8

123 2016 349 2100 haudquaquam
371 2021 531 2080 certamine
551 2019 690 2098 ambiguo
714 2038 781 2080 curn
800 2018 892 2082 Gallis
914 2026 974 2080 est:
1010 2017 1084 2078 adeo

124 2105 250 2166 duorum
274 2101 399 2163 militum
432 2110 584 2174 eventum,
619 2105 698 2165 inter
725 2122 799 2183 quos
825 2111 986 2183 pugnatum
1011 2109 1083 2173 oret,

122 2196 248 2268 utreque
266 2187 345 2248 acies
359 2187 464 2246 animis
478 2195 680 2267 praeceperat.
716 2189 794 2246 inter
815 2189 942 2267 primos,
958 2191 1118 2266 quorumtt

123 2270 365 2334 concursusalios
373 2270 527 2340 exciverat,
535 2277 619 2330 atrox
627 2267 1083 2348 proeliumiuit;aliamnltitudo,

121 2358 294 2437 priusquam
310 2353 348 2413 ad
366 2353 531 2415 coniectum
547 2352 597 2413 teli
611 2345 740 2423 veniret,
759 2360 842 2430 terga
857 2354 953 2414 vertit.
985 2352 1083 2430 primo

121 2459 177 2520 per
190 2439 311 2501 Volscos
329 2435 546 2517 Falernumque
560 2455 663 2515 agrurn
679 2437 811 2516 dissipati
825 2441 906 2506 sunt,
923 2435 992 2495 inde
1006 2436 1085 2515 Apu-

122 2523 192 2584 liam
207 2541 242 2584 ec
252 2539 334 2585 mare
349 2521 477 2582 inierum
488 2523 645 2601 petierunt.
671 2520 773 2582 consul
787 2522 926 2582 contione
942 2520 1082 2580 advocata
1094 2523 1129 2576 to

122 2607 272 2669 laudatum
295 2605 446 2667 tribunum
463 2605 565 2666 decern
580 2604 676 2666 bubus
694 2623 841 2686 aureaque
860 2621 969 2664 corona
985 2603 1084 2664 donat.

121 2694 187 2772 ipse
201 2693 298 2753 iussus
312 2689 350 2751 ab
362 2697 466 2752 senatu
482 2687 593 2750 bellum
607 2691 787 2750 maritimum
801 2707 906 2750 curare
921 2707 987 2749 cum
999 2704 1087 2767 prae·

121 2785 188 2837 tore
204 2776 299 2836 iunxit
316 2782 421 2836 cestra.
452 2772 494 2834 ibi
510 2775 579 2854 quia
593 2792 643 2834 res
663 2773 741 2834 trahi
760 2774 885 2853 segnitia
901 2772 1083 2834 Graecorum
1098 2776 1127 2830 tl

122 2857 1085 2928 noncommittentiumscinaciemvidebantundictatoremcomi·

122 2944 233 3002 tiorum
245 2959 332 3002 causa
343 2943 377 3002 Τ.
389 2940 529 3004 Manlium
540 2941 721 3021 Torquatum
733 2961 769 3004 ex
780 2944 953 3004 auctoritate
967 2948 1086 3002 senatus

126 3024 208 3082 dixit.
226 3024 349 3084 dictator
360 3029 500 3105 magistro
512 3027 643 3104 equitum
653 3029 686 3086 Α.
695 3027 832 3088 Cornelio
840 3027 930 3088 Cosso
942 3025 1020 3087 dicto
1033 3041 1082 3084 eo·
1095 3029 1129 3080 1²

125 3107 207 3168 mitia
214 3103 378 3170 consularia
388 3109 489 3171 habuit
496 3108 701 3189 aemulumque
715 3109 883 3170 decorissul
893 3105 1084 3168 absentembl.

124 3189 274 3252 Valerium
286 3187 411 3252 Corvum
422 3227 460 3238 -
474 3193 506 3254 id
517 3195 596 3254 enim
607 3191 650 3253 illi
662 3193 768 3254 deinde
780 3191 964 3270 cognominis
974 3190 1030 3250 luit
1046 3221 1084 3234 -·

124 3291 242 3337 summo
257 3270 357 3334 lavore
368 3275 483 3354 populi,
499 3283 560 3338 tres
575 3283 605 3337 et
621 3277 723 3354 viginti
738 3282 840 3336 natum
854 3291 962 3343 annos,
978 3289 1085 3334 consu·

124 3359 183 3422 lem
201 3354 389 3420 renuntiavit.
416 3357 527 3438 collega
547 3360 640 3422 Corve
662 3358 699 3420 ce
710 3356 799 3439 plebe
814 3357 852 3420 bl.
869 3355 999 3437 Popilius
1011 3356 1130 3418 bae-lt

124 3459 191 3512 nas.
208 3446 345 3522 quartum
362 3441 464 3504 consul
485 3442 616 3513 futurus,
638 3442 722 3503 datus
746 3449 799 3502 est.
837 3459 905 3503 eum
920 3441 1041 3504 Graecis
1068 3458 1086 3502 a

1259 3125 1261 3187 4

1257 3291 1259 3328 i

1257 3349 1259 3391 l

1255 3465 1258 3500 l
