<?xml version="1.0" encoding="UTF-8"?>
<!DOCTYPE html PUBLIC "-//W3C//DTD XHTML 1.0 Transitional//EN"
    "http://www.w3.org/TR/xhtml1/DTD/xhtml1-transitional.dtd">
<html xmlns="http://www.w3.org/1999/xhtml" xml:lang="en" lang="en">
 <head>
  <title>
</title>
<meta http-equiv="Content-Type" content="text/html;charset=utf-8" />
  <meta name='ocr-system' content='tesseract 3.04.00' />
  <meta name='ocr-capabilities' content='ocr_page ocr_carea ocr_par ocr_line ocrx_word'/>
</head>
<body>
  <div class='ocr_page' id='page_1' title='image "./aburbeconditali08livygoog_0466.png"; bbox 0 0 2542 3956; ppageno 0'>
   <div class='ocr_carea' id='block_1_1' title="bbox 206 201 1002 284">
    <p class='ocr_par' dir='ltr' id='par_1_1' title="bbox 206 201 1002 284">
     <span class='ocr_line' id='line_1_1' title="bbox 206 201 1002 284; baseline -0.013 -12"><span class='ocrx_word' id='word_1_1' title='bbox 206 215 270 279; x_wconf 71' lang='lat'>328</span> <span class='ocrx_word' id='word_1_2' title='bbox 366 229 460 270; x_wconf 79' lang='lat' dir='ltr'>nunna</span> <span class='ocrx_word' id='word_1_3' title='bbox 473 225 647 268; x_wconf 74' lang='lat' dir='ltr'>xxxmoar.</span> <span class='ocrx_word' id='word_1_4' title='bbox 665 213 706 266; x_wconf 88' lang='lat' dir='ltr'>lo.</span> <span class='ocrx_word' id='word_1_5' title='bbox 724 213 764 266; x_wconf 90' lang='lat' dir='ltr'>ll.</span> <span class='ocrx_word' id='word_1_6' title='bbox 795 201 922 284; x_wconf 84' lang='lat' dir='ltr'>[a.u.c.</span> <span class='ocrx_word' id='word_1_7' title='bbox 939 201 1002 284; x_wconf 75' lang='lat'><strong>538]</strong></span> 
     </span>
    </p>
   </div>
   <div class='ocr_carea' id='block_1_2' title="bbox 207 369 1175 455">
    <p class='ocr_par' dir='ltr' id='par_1_2' title="bbox 207 369 1175 455">
     <span class='ocr_line' id='line_1_2' title="bbox 207 369 1175 455; baseline -0.008 -15"><span class='ocrx_word' id='word_1_8' title='bbox 207 377 362 455; x_wconf 89' lang='lat' dir='ltr'>Campani,</span> <span class='ocrx_word' id='word_1_9' title='bbox 380 393 467 454; x_wconf 91' lang='lat' dir='ltr'>quam</span> <span class='ocrx_word' id='word_1_10' title='bbox 483 374 612 452; x_wconf 88' lang='lat' dir='ltr'>petistis:</span> <span class='ocrx_word' id='word_1_11' title='bbox 632 371 697 432; x_wconf 83' lang='lat' dir='ltr'>loro</span> <span class='ocrx_word' id='word_1_12' title='bbox 712 370 825 442; x_wconf 90' lang='lat' dir='ltr'>medic,</span> <span class='ocrx_word' id='word_1_13' title='bbox 849 369 914 431; x_wconf 90' lang='lat' dir='ltr'>luce</span> <span class='ocrx_word' id='word_1_14' title='bbox 929 369 1024 440; x_wconf 92' lang='lat' dir='ltr'>clara,</span> <span class='ocrx_word' id='word_1_15' title='bbox 1041 371 1175 432; x_wconf 83' lang='lat' dir='ltr'>videnti·</span> 
     </span>
    </p>
   </div>
   <div class='ocr_carea' id='block_1_3' title="bbox 165 454 1251 3548">
    <p class='ocr_par' dir='ltr' id='par_1_3' title="bbox 206 454 1173 536">
     <span class='ocr_line' id='line_1_3' title="bbox 206 454 1173 536; baseline -0.004 -14"><span class='ocrx_word' id='word_1_16' title='bbox 206 461 262 522; x_wconf 82' lang='lat' dir='ltr'>uus</span> <span class='ocrx_word' id='word_1_17' title='bbox 277 460 358 520; x_wconf 87' lang='lat' dir='ltr'>vohis</span> <span class='ocrx_word' id='word_1_18' title='bbox 374 459 447 520; x_wconf 92' lang='lat' dir='ltr'>nulli</span> <span class='ocrx_word' id='word_1_19' title='bbox 462 459 678 536; x_wconf 81' lang='lat' dir='ltr'><strong>Campanorum</strong></span> <span class='ocrx_word' id='word_1_20' title='bbox 693 454 840 516; x_wconf 88' lang='lat' dir='ltr'>secundus</span> <span class='ocrx_word' id='word_1_21' title='bbox 858 455 972 516; x_wconf 83' lang='lat' dir='ltr'>rinctus</span> <span class='ocrx_word' id='word_1_22' title='bbox 987 455 1024 515; x_wconf 90' lang='lat' dir='ltr'>ad</span> <span class='ocrx_word' id='word_1_23' title='bbox 1039 465 1173 518; x_wconf 87' lang='lat' dir='ltr'>mortem</span> 
     </span>
    </p>

    <p class='ocr_par' dir='ltr' id='par_1_4' title="bbox 177 539 1172 702">
     <span class='ocr_line' id='line_1_4' title="bbox 177 539 1172 623; baseline -0.001 -21"><span class='ocrx_word' id='word_1_24' title='bbox 177 546 317 623; x_wconf 83' lang='lat' dir='ltr'>8rapior.</span> <span class='ocrx_word' id='word_1_25' title='bbox 339 542 409 623; x_wconf 93' lang='lat' dir='ltr'>quid</span> <span class='ocrx_word' id='word_1_26' title='bbox 422 541 574 602; x_wconf 90' lang='lat' dir='ltr'>violentius</span> <span class='ocrx_word' id='word_1_27' title='bbox 587 547 670 617; x_wconf 91' lang='lat' dir='ltr'>capta</span> <span class='ocrx_word' id='word_1_28' title='bbox 682 539 779 618; x_wconf 80' lang='lat' dir='ltr'><strong>Capua</strong></span> <span class='ocrx_word' id='word_1_29' title='bbox 790 539 892 599; x_wconf 74' lang='lat' dir='ltr'>fieret?</span> <span class='ocrx_word' id='word_1_30' title='bbox 907 541 947 599; x_wconf 89' lang='lat' dir='ltr'>ile</span> <span class='ocrx_word' id='word_1_31' title='bbox 959 539 1076 600; x_wconf 84' lang='lat' dir='ltr'>obviam</span> <span class='ocrx_word' id='word_1_32' title='bbox 1088 541 1172 601; x_wconf 82' lang='lat' dir='ltr'>ilan-</span> 
     </span>
     <span class='ocr_line' id='line_1_5' title="bbox 207 623 1170 702; baseline -0.005 -13"><span class='ocrx_word' id='word_1_33' title='bbox 207 627 313 698; x_wconf 89' lang='lat' dir='ltr'>nibali,</span> <span class='ocrx_word' id='word_1_34' title='bbox 331 634 471 688; x_wconf 89' lang='lat' dir='ltr'>exornate</span> <span class='ocrx_word' id='word_1_35' title='bbox 485 624 590 685; x_wconf 89' lang='lat' dir='ltr'>urbem</span> <span class='ocrx_word' id='word_1_36' title='bbox 605 623 741 702; x_wconf 85' lang='lat' dir='ltr'>diemque</span> <span class='ocrx_word' id='word_1_37' title='bbox 753 623 893 684; x_wconf 86' lang='lat' dir='ltr'>adrentus</span> <span class='ocrx_word' id='word_1_38' title='bbox 906 625 969 683; x_wconf 91' lang='lat' dir='ltr'>eius</span> <span class='ocrx_word' id='word_1_39' title='bbox 985 635 1170 694; x_wconf 87' lang='lat' dir='ltr'>consecrate,</span> 
     </span>
    </p>

    <p class='ocr_par' dir='ltr' id='par_1_5' title="bbox 177 708 1170 1040">
     <span class='ocr_line' id='line_1_6' title="bbox 177 708 1170 789; baseline -0.004 -19"><span class='ocrx_word' id='word_1_40' title='bbox 177 720 239 772; x_wconf 79' lang='lat' dir='ltr'>eut</span> <span class='ocrx_word' id='word_1_41' title='bbox 254 713 332 772; x_wconf 91' lang='lat' dir='ltr'>bunc</span> <span class='ocrx_word' id='word_1_42' title='bbox 347 710 530 789; x_wconf 90' lang='lat' dir='ltr'>triumphum</span> <span class='ocrx_word' id='word_1_43' title='bbox 552 709 590 768; x_wconf 91' lang='lat' dir='ltr'>de</span> <span class='ocrx_word' id='word_1_44' title='bbox 609 710 670 768; x_wconf 83' lang='lat' dir='ltr'>cire</span> <span class='ocrx_word' id='word_1_45' title='bbox 694 715 791 767; x_wconf 83' lang='lat' dir='ltr'>restro</span> <span class='ocrx_word' id='word_1_46' title='bbox 806 709 975 785; x_wconf 80' lang='lat' dir='ltr'>spectetis‘·</span> <span class='ocrx_word' id='word_1_47' title='bbox 999 708 1074 768; x_wconf 87' lang='lat' dir='ltr'>hacc</span> <span class='ocrx_word' id='word_1_48' title='bbox 1089 711 1170 767; x_wconf 85' lang='lat' dir='ltr'>voci·</span> 
     </span>
     <span class='ocr_line' id='line_1_7' title="bbox 207 789 1169 870; baseline -0.004 -16"><span class='ocrx_word' id='word_1_49' title='bbox 207 796 321 855; x_wconf 89' lang='lat' dir='ltr'>lerante</span> <span class='ocrx_word' id='word_1_50' title='bbox 337 813 404 856; x_wconf 88' lang='lat' dir='ltr'>eum</span> <span class='ocrx_word' id='word_1_51' title='bbox 416 793 529 854; x_wconf 85' lang='lat' dir='ltr'>moveri</span> <span class='ocrx_word' id='word_1_52' title='bbox 540 791 642 868; x_wconf 83' lang='lat' dir='ltr'>volgus</span> <span class='ocrx_word' id='word_1_53' title='bbox 652 789 816 856; x_wconf 87' lang='lat' dir='ltr'>videretur,</span> <span class='ocrx_word' id='word_1_54' title='bbox 833 789 1002 851; x_wconf 83' lang='lat' dir='ltr'>obvolutum</span> <span class='ocrx_word' id='word_1_55' title='bbox 1013 799 1104 870; x_wconf 84' lang='lat' dir='ltr'>caput</span> <span class='ocrx_word' id='word_1_56' title='bbox 1115 800 1169 861; x_wconf 77' lang='lat' dir='ltr'>est,</span> 
     </span>
     <span class='ocr_line' id='line_1_8' title="bbox 208 875 1169 960; baseline -0.005 -21"><span class='ocrx_word' id='word_1_57' title='bbox 208 881 347 960; x_wconf 88' lang='lat' dir='ltr'>ociusque</span> <span class='ocrx_word' id='word_1_58' title='bbox 361 880 426 956; x_wconf 92' lang='lat' dir='ltr'>rapi</span> <span class='ocrx_word' id='word_1_59' title='bbox 441 885 523 936; x_wconf 89' lang='lat' dir='ltr'>extra</span> <span class='ocrx_word' id='word_1_60' title='bbox 538 883 654 954; x_wconf 90' lang='lat' dir='ltr'>portam</span> <span class='ocrx_word' id='word_1_61' title='bbox 668 877 773 934; x_wconf 87' lang='lat' dir='ltr'>iussus.</span> <span class='ocrx_word' id='word_1_62' title='bbox 808 876 848 933; x_wconf 89' lang='lat' dir='ltr'>ita</span> <span class='ocrx_word' id='word_1_63' title='bbox 868 876 900 933; x_wconf 91' lang='lat' dir='ltr'>in</span> <span class='ocrx_word' id='word_1_64' title='bbox 917 883 1014 935; x_wconf 88' lang='lat' dir='ltr'>castra</span> <span class='ocrx_word' id='word_1_65' title='bbox 1028 875 1169 952; x_wconf 89' lang='lat' dir='ltr'>perduci·</span> 
     </span>
     <span class='ocr_line' id='line_1_9' title="bbox 206 958 1169 1040; baseline -0.005 -17"><span class='ocrx_word' id='word_1_66' title='bbox 206 971 255 1023; x_wconf 87' lang='lat' dir='ltr'>tur</span> <span class='ocrx_word' id='word_1_67' title='bbox 261 983 269 1033; x_wconf 94' lang='lat'>;</span> <span class='ocrx_word' id='word_1_68' title='bbox 281 961 484 1040; x_wconf 83' lang='lat' dir='ltr'>extemploque</span> <span class='ocrx_word' id='word_1_69' title='bbox 496 960 639 1036; x_wconf 88' lang='lat' dir='ltr'>inpositus</span> <span class='ocrx_word' id='word_1_70' title='bbox 648 960 680 1018; x_wconf 92' lang='lat' dir='ltr'>in</span> <span class='ocrx_word' id='word_1_71' title='bbox 688 974 790 1016; x_wconf 90' lang='lat' dir='ltr'>navem</span> <span class='ocrx_word' id='word_1_72' title='bbox 799 965 827 1016; x_wconf 92' lang='lat' dir='ltr'>et</span> <span class='ocrx_word' id='word_1_73' title='bbox 835 958 1042 1035; x_wconf 80' lang='lat' dir='ltr'>Carthaginem</span> <span class='ocrx_word' id='word_1_74' title='bbox 1050 959 1169 1028; x_wconf 89' lang='lat' dir='ltr'>missus,</span> 
     </span>
    </p>

    <p class='ocr_par' dir='ltr' id='par_1_6' title="bbox 167 1040 1170 1370">
     <span class='ocr_line' id='line_1_10' title="bbox 167 1040 1169 1122; baseline -0.002 -18"><span class='ocrx_word' id='word_1_75' title='bbox 167 1054 199 1105; x_wconf 85' lang='lat' dir='ltr'>lo</span> <span class='ocrx_word' id='word_1_76' title='bbox 209 1064 247 1106; x_wconf 92' lang='lat' dir='ltr'>ne</span> <span class='ocrx_word' id='word_1_77' title='bbox 259 1053 340 1106; x_wconf 90' lang='lat' dir='ltr'>motu</span> <span class='ocrx_word' id='word_1_78' title='bbox 354 1044 450 1122; x_wconf 84' lang='lat' dir='ltr'>aliquo</span> <span class='ocrx_word' id='word_1_79' title='bbox 457 1044 573 1121; x_wconf 88' lang='lat' dir='ltr'>Capuae</span> <span class='ocrx_word' id='word_1_80' title='bbox 581 1060 618 1101; x_wconf 89' lang='lat' dir='ltr'>ex</span> <span class='ocrx_word' id='word_1_81' title='bbox 628 1040 800 1119; x_wconf 80' lang='lat' dir='ltr'>indignitate</span> <span class='ocrx_word' id='word_1_82' title='bbox 811 1043 855 1100; x_wconf 92' lang='lat' dir='ltr'>rel</span> <span class='ocrx_word' id='word_1_83' title='bbox 867 1050 934 1100; x_wconf 91' lang='lat' dir='ltr'>orto</span> <span class='ocrx_word' id='word_1_84' title='bbox 944 1049 1081 1102; x_wconf 86' lang='lat' dir='ltr'>senatum</span> <span class='ocrx_word' id='word_1_85' title='bbox 1095 1061 1169 1121; x_wconf 93' lang='lat' dir='ltr'>quo·</span> 
     </span>
     <span class='ocr_line' id='line_1_11' title="bbox 206 1123 1170 1209; baseline -0.002 -21"><span class='ocrx_word' id='word_1_86' title='bbox 206 1147 263 1209; x_wconf 86' lang='lat' dir='ltr'>que</span> <span class='ocrx_word' id='word_1_87' title='bbox 277 1130 442 1207; x_wconf 87' lang='lat' dir='ltr'>paeniteret</span> <span class='ocrx_word' id='word_1_88' title='bbox 457 1127 547 1186; x_wconf 92' lang='lat' dir='ltr'>dediti</span> <span class='ocrx_word' id='word_1_89' title='bbox 557 1127 708 1204; x_wconf 88' lang='lat' dir='ltr'>principis,</span> <span class='ocrx_word' id='word_1_90' title='bbox 726 1131 755 1183; x_wconf 91' lang='lat' dir='ltr'>et</span> <span class='ocrx_word' id='word_1_91' title='bbox 769 1123 915 1202; x_wconf 79' lang='lat' dir='ltr'>legatione</span> <span class='ocrx_word' id='word_1_92' title='bbox 930 1127 1019 1186; x_wconf 89' lang='lat' dir='ltr'>missa</span> <span class='ocrx_word' id='word_1_93' title='bbox 1030 1125 1068 1186; x_wconf 90' lang='lat' dir='ltr'>ad</span> <span class='ocrx_word' id='word_1_94' title='bbox 1079 1144 1170 1204; x_wconf 87' lang='lat' dir='ltr'>repe·</span> 
     </span>
     <span class='ocr_line' id='line_1_12' title="bbox 206 1209 1167 1288; baseline -0.004 -16"><span class='ocrx_word' id='word_1_95' title='bbox 206 1211 327 1272; x_wconf 90' lang='lat' dir='ltr'>tendum</span> <span class='ocrx_word' id='word_1_96' title='bbox 338 1230 404 1272; x_wconf 91' lang='lat' dir='ltr'>eum</span> <span class='ocrx_word' id='word_1_97' title='bbox 417 1229 455 1270; x_wconf 91' lang='lat' dir='ltr'>ne</span> <span class='ocrx_word' id='word_1_98' title='bbox 472 1217 521 1270; x_wconf 91' lang='lat' dir='ltr'>aut</span> <span class='ocrx_word' id='word_1_99' title='bbox 533 1209 669 1287; x_wconf 89' lang='lat' dir='ltr'>negando</span> <span class='ocrx_word' id='word_1_100' title='bbox 681 1226 759 1277; x_wconf 91' lang='lat' dir='ltr'>rem,</span> <span class='ocrx_word' id='word_1_101' title='bbox 772 1227 859 1286; x_wconf 92' lang='lat' dir='ltr'>quam</span> <span class='ocrx_word' id='word_1_102' title='bbox 878 1209 1005 1286; x_wconf 92' lang='lat' dir='ltr'>primum</span> <span class='ocrx_word' id='word_1_103' title='bbox 1019 1217 1167 1288; x_wconf 83' lang='lat' dir='ltr'>peterent,</span> 
     </span>
     <span class='ocr_line' id='line_1_13' title="bbox 207 1290 1169 1370; baseline -0.004 -14"><span class='ocrx_word' id='word_1_104' title='bbox 207 1294 442 1356; x_wconf 79' lang='lat' dir='ltr'>offendendisibi</span> <span class='ocrx_word' id='word_1_105' title='bbox 453 1295 520 1354; x_wconf 86' lang='lat' dir='ltr'>nori</span> <span class='ocrx_word' id='word_1_106' title='bbox 535 1295 622 1362; x_wconf 92' lang='lat' dir='ltr'>socii,</span> <span class='ocrx_word' id='word_1_107' title='bbox 639 1299 689 1352; x_wconf 89' lang='lat' dir='ltr'>aut</span> <span class='ocrx_word' id='word_1_108' title='bbox 708 1290 863 1352; x_wconf 89' lang='lat' dir='ltr'>tribuendo</span> <span class='ocrx_word' id='word_1_109' title='bbox 881 1291 1034 1353; x_wconf 81' lang='lat' dir='ltr'>habendus</span> <span class='ocrx_word' id='word_1_110' title='bbox 1050 1293 1169 1370; x_wconf 85' lang='lat' dir='ltr'>Capuae</span> 
     </span>
    </p>

    <p class='ocr_par' dir='ltr' id='par_1_7' title="bbox 166 1375 1168 1544">
     <span class='ocr_line' id='line_1_14' title="bbox 166 1375 1168 1454; baseline -0.005 -14"><span class='ocrx_word' id='word_1_111' title='bbox 166 1388 195 1440; x_wconf 88' lang='lat' dir='ltr'>ll</span> <span class='ocrx_word' id='word_1_112' title='bbox 208 1387 286 1441; x_wconf 89' lang='lat' dir='ltr'>esset</span> <span class='ocrx_word' id='word_1_113' title='bbox 302 1379 453 1439; x_wconf 87' lang='lat' dir='ltr'>seditionis</span> <span class='ocrx_word' id='word_1_114' title='bbox 467 1395 501 1439; x_wconf 90' lang='lat' dir='ltr'>ac</span> <span class='ocrx_word' id='word_1_115' title='bbox 516 1375 795 1438; x_wconf 76' lang='lat' dir='ltr'>turbarumauctor.</span> <span class='ocrx_word' id='word_1_116' title='bbox 824 1393 927 1435; x_wconf 82' lang='lat' dir='ltr'>narem</span> <span class='ocrx_word' id='word_1_117' title='bbox 938 1376 1068 1454; x_wconf 79' lang='lat' dir='ltr'>Cyrenas</span> <span class='ocrx_word' id='word_1_118' title='bbox 1082 1377 1168 1436; x_wconf 91' lang='lat' dir='ltr'>detu-</span> 
     </span>
     <span class='ocr_line' id='line_1_15' title="bbox 206 1459 1167 1544; baseline -0.004 -20"><span class='ocrx_word' id='word_1_119' title='bbox 206 1462 241 1524; x_wconf 90' lang='lat' dir='ltr'>lit</span> <span class='ocrx_word' id='word_1_120' title='bbox 254 1469 427 1544; x_wconf 86' lang='lat' dir='ltr'>tempestas,</span> <span class='ocrx_word' id='word_1_121' title='bbox 442 1479 517 1542; x_wconf 89' lang='lat' dir='ltr'>quae</span> <span class='ocrx_word' id='word_1_122' title='bbox 534 1468 596 1521; x_wconf 89' lang='lat' dir='ltr'>turn</span> <span class='ocrx_word' id='word_1_123' title='bbox 611 1463 643 1520; x_wconf 90' lang='lat' dir='ltr'>in</span> <span class='ocrx_word' id='word_1_124' title='bbox 661 1459 776 1519; x_wconf 92' lang='lat' dir='ltr'>dicione</span> <span class='ocrx_word' id='word_1_125' title='bbox 791 1477 896 1537; x_wconf 87' lang='lat' dir='ltr'>regum</span> <span class='ocrx_word' id='word_1_126' title='bbox 911 1468 1003 1520; x_wconf 90' lang='lat' dir='ltr'>erant.</span> <span class='ocrx_word' id='word_1_127' title='bbox 1039 1459 1081 1520; x_wconf 91' lang='lat' dir='ltr'>ibi</span> <span class='ocrx_word' id='word_1_128' title='bbox 1099 1479 1167 1520; x_wconf 90' lang='lat' dir='ltr'>cum</span> 
     </span>
    </p>

    <p class='ocr_par' dir='ltr' id='par_1_8' title="bbox 166 1543 1251 1875">
     <span class='ocr_line' id='line_1_16' title="bbox 166 1543 1168 1624; baseline -0.002 -19"><span class='ocrx_word' id='word_1_129' title='bbox 166 1555 198 1605; x_wconf 79' lang='lat'>1²</span> <span class='ocrx_word' id='word_1_130' title='bbox 208 1547 321 1624; x_wconf 84' lang='lat' dir='ltr'>Magius</span> <span class='ocrx_word' id='word_1_131' title='bbox 332 1546 368 1606; x_wconf 90' lang='lat' dir='ltr'>ad</span> <span class='ocrx_word' id='word_1_132' title='bbox 380 1553 502 1606; x_wconf 90' lang='lat' dir='ltr'>statuam</span> <span class='ocrx_word' id='word_1_133' title='bbox 514 1543 674 1605; x_wconf 81' lang='lat' dir='ltr'>Ptolomaei</span> <span class='ocrx_word' id='word_1_134' title='bbox 691 1544 770 1620; x_wconf 87' lang='lat' dir='ltr'>regis</span> <span class='ocrx_word' id='word_1_135' title='bbox 782 1545 977 1620; x_wconf 77' lang='lat' dir='ltr'>confugisset,</span> <span class='ocrx_word' id='word_1_136' title='bbox 993 1543 1168 1622; x_wconf 87' lang='lat' dir='ltr'>deportatus</span> 
     </span>
     <span class='ocr_line' id='line_1_17' title="bbox 207 1624 1166 1695; baseline -0.003 -5"><span class='ocrx_word' id='word_1_137' title='bbox 207 1648 223 1690; x_wconf 90' lang='lat' dir='ltr'>a</span> <span class='ocrx_word' id='word_1_138' title='bbox 239 1629 409 1691; x_wconf 83' lang='lat' dir='ltr'>custodibus</span> <span class='ocrx_word' id='word_1_139' title='bbox 423 1628 636 1690; x_wconf 77' lang='lat' dir='ltr'>Alexandream</span> <span class='ocrx_word' id='word_1_140' title='bbox 651 1624 688 1686; x_wconf 93' lang='lat' dir='ltr'>ad</span> <span class='ocrx_word' id='word_1_141' title='bbox 704 1625 921 1695; x_wconf 87' lang='lat' dir='ltr'>Ptolomaeum,</span> <span class='ocrx_word' id='word_1_142' title='bbox 946 1645 1014 1688; x_wconf 90' lang='lat' dir='ltr'>cum</span> <span class='ocrx_word' id='word_1_143' title='bbox 1029 1646 1099 1688; x_wconf 88' lang='lat' dir='ltr'>eum</span> <span class='ocrx_word' id='word_1_144' title='bbox 1116 1628 1166 1687; x_wconf 93' lang='lat' dir='ltr'>do-</span> 
     </span>
     <span class='ocr_line' id='line_1_18' title="bbox 207 1710 1165 1779; baseline 0 -7"><span class='ocrx_word' id='word_1_145' title='bbox 207 1715 315 1773; x_wconf 88' lang='lat' dir='ltr'>cuisset</span> <span class='ocrx_word' id='word_1_146' title='bbox 330 1720 433 1772; x_wconf 90' lang='lat' dir='ltr'>contra</span> <span class='ocrx_word' id='word_1_147' title='bbox 447 1714 494 1773; x_wconf 91' lang='lat' dir='ltr'>ius</span> <span class='ocrx_word' id='word_1_148' title='bbox 508 1710 636 1771; x_wconf 82' lang='lat' dir='ltr'>foederis</span> <span class='ocrx_word' id='word_1_149' title='bbox 650 1712 779 1770; x_wconf 88' lang='lat' dir='ltr'>vinctum</span> <span class='ocrx_word' id='word_1_150' title='bbox 800 1728 832 1770; x_wconf 90' lang='lat' dir='ltr'>se</span> <span class='ocrx_word' id='word_1_151' title='bbox 853 1710 891 1770; x_wconf 88' lang='lat' dir='ltr'>ab</span> <span class='ocrx_word' id='word_1_152' title='bbox 906 1711 1072 1772; x_wconf 89' lang='lat' dir='ltr'>Hannibale</span> <span class='ocrx_word' id='word_1_153' title='bbox 1089 1729 1165 1779; x_wconf 89' lang='lat' dir='ltr'>esse,</span> 
     </span>
     <span class='ocr_line' id='line_1_19' title="bbox 206 1779 1251 1875; baseline 0.001 -20"><span class='ocrx_word' id='word_1_154' title='bbox 206 1794 309 1856; x_wconf 75' lang='lat' dir='ltr'>vinclis</span> <span class='ocrx_word' id='word_1_155' title='bbox 324 1794 481 1863; x_wconf 87' lang='lat' dir='ltr'>liberatur,</span> <span class='ocrx_word' id='word_1_156' title='bbox 502 1795 754 1875; x_wconf 89' lang='lat' dir='ltr'>permissumque,</span> <span class='ocrx_word' id='word_1_157' title='bbox 776 1801 808 1853; x_wconf 87' lang='lat' dir='ltr'>ut</span> <span class='ocrx_word' id='word_1_158' title='bbox 824 1793 949 1861; x_wconf 83' lang='lat' dir='ltr'>rediret,</span> <span class='ocrx_word' id='word_1_159' title='bbox 969 1812 1022 1855; x_wconf 88' lang='lat' dir='ltr'>seu</span> <span class='ocrx_word' id='word_1_160' title='bbox 1039 1795 1165 1857; x_wconf 89' lang='lat' dir='ltr'>llornam</span> <span class='ocrx_word' id='word_1_161' title='bbox 1250 1779 1251 1806; x_wconf 57' lang='lat'>¹</span> 
     </span>
    </p>

    <p class='ocr_par' dir='ltr' id='par_1_9' title="bbox 165 1877 1251 2292">
     <span class='ocr_line' id='line_1_20' title="bbox 165 1877 1251 1958; baseline -0.002 -20"><span class='ocrx_word' id='word_1_162' title='bbox 165 1885 257 1940; x_wconf 75' lang='lat' dir='ltr'>laseu</span> <span class='ocrx_word' id='word_1_163' title='bbox 268 1879 395 1958; x_wconf 90' lang='lat' dir='ltr'>Capuam</span> <span class='ocrx_word' id='word_1_164' title='bbox 410 1877 519 1939; x_wconf 90' lang='lat' dir='ltr'>mallet.</span> <span class='ocrx_word' id='word_1_165' title='bbox 551 1878 728 1953; x_wconf 87' lang='lat' dir='ltr'>necllagius</span> <span class='ocrx_word' id='word_1_166' title='bbox 744 1877 872 1956; x_wconf 91' lang='lat' dir='ltr'>Capuam</span> <span class='ocrx_word' id='word_1_167' title='bbox 887 1877 944 1937; x_wconf 92' lang='lat' dir='ltr'>sibi</span> <span class='ocrx_word' id='word_1_168' title='bbox 957 1884 1048 1938; x_wconf 90' lang='lat' dir='ltr'>tutam</span> <span class='ocrx_word' id='word_1_169' title='bbox 1064 1878 1166 1939; x_wconf 89' lang='lat' dir='ltr'>dicere</span> <span class='ocrx_word' id='word_1_170' title='bbox 1250 1933 1251 1936; x_wconf 74' lang='grc'>,</span> 
     </span>
     <span class='ocr_line' id='line_1_21' title="bbox 206 1961 1165 2042; baseline -0.001 -19"><span class='ocrx_word' id='word_1_171' title='bbox 206 1969 235 2023; x_wconf 93' lang='lat' dir='ltr'>et</span> <span class='ocrx_word' id='word_1_172' title='bbox 250 1964 374 2023; x_wconf 82' lang='lat' dir='ltr'>Romam</span> <span class='ocrx_word' id='word_1_173' title='bbox 389 1981 424 2022; x_wconf 88' lang='lat' dir='ltr'>eo</span> <span class='ocrx_word' id='word_1_174' title='bbox 440 1970 587 2040; x_wconf 87' lang='lat' dir='ltr'>ternpore,</span> <span class='ocrx_word' id='word_1_175' title='bbox 604 1961 754 2039; x_wconf 88' lang='lat' dir='ltr'>quainter</span> <span class='ocrx_word' id='word_1_176' title='bbox 771 1961 920 2021; x_wconf 86' lang='lat' dir='ltr'>Romanos</span> <span class='ocrx_word' id='word_1_177' title='bbox 941 1961 1165 2042; x_wconf 86' lang='lat' dir='ltr'>Campanosque</span> 
     </span>
     <span class='ocr_line' id='line_1_22' title="bbox 204 2043 1164 2124; baseline -0.001 -17"><span class='ocrx_word' id='word_1_178' title='bbox 204 2045 316 2107; x_wconf 88' lang='lat' dir='ltr'>bellum</span> <span class='ocrx_word' id='word_1_179' title='bbox 325 2047 371 2117; x_wconf 89' lang='lat' dir='ltr'>sit,</span> <span class='ocrx_word' id='word_1_180' title='bbox 383 2046 553 2124; x_wconf 83' lang='lat' dir='ltr'>transfugae</span> <span class='ocrx_word' id='word_1_181' title='bbox 560 2045 652 2122; x_wconf 88' lang='lat' dir='ltr'>magis</span> <span class='ocrx_word' id='word_1_182' title='bbox 664 2059 751 2122; x_wconf 90' lang='lat' dir='ltr'>quam</span> <span class='ocrx_word' id='word_1_183' title='bbox 763 2043 887 2124; x_wconf 89' lang='lat' dir='ltr'>hospitis</span> <span class='ocrx_word' id='word_1_184' title='bbox 895 2043 958 2105; x_wconf 91' lang='lat' dir='ltr'>lore</span> <span class='ocrx_word' id='word_1_185' title='bbox 966 2043 1164 2108; x_wconf 83' lang='lat' dir='ltr'>domicilium:</span> 
     </span>
     <span class='ocr_line' id='line_1_23' title="bbox 207 2127 1164 2209; baseline 0 -19"><span class='ocrx_word' id='word_1_186' title='bbox 207 2147 352 2209; x_wconf 90' lang='lat' dir='ltr'>nusquam</span> <span class='ocrx_word' id='word_1_187' title='bbox 367 2127 454 2190; x_wconf 87' lang='lat' dir='ltr'>malle</span> <span class='ocrx_word' id='word_1_188' title='bbox 469 2149 556 2208; x_wconf 90' lang='lat' dir='ltr'>quarn</span> <span class='ocrx_word' id='word_1_189' title='bbox 571 2130 603 2188; x_wconf 94' lang='lat' dir='ltr'>in</span> <span class='ocrx_word' id='word_1_190' title='bbox 623 2145 716 2205; x_wconf 85' lang='lat' dir='ltr'>regno</span> <span class='ocrx_word' id='word_1_191' title='bbox 741 2129 804 2188; x_wconf 89' lang='lat' dir='ltr'>eius</span> <span class='ocrx_word' id='word_1_192' title='bbox 826 2129 935 2199; x_wconf 86' lang='lat' dir='ltr'>rivere,</span> <span class='ocrx_word' id='word_1_193' title='bbox 959 2147 1048 2208; x_wconf 92' lang='lat' dir='ltr'>quem</span> <span class='ocrx_word' id='word_1_194' title='bbox 1071 2130 1164 2190; x_wconf 83' lang='lat' dir='ltr'>vindi·</span> 
     </span>
     <span class='ocr_line' id='line_1_24' title="bbox 206 2209 830 2292; baseline 0 -20"><span class='ocrx_word' id='word_1_195' title='bbox 206 2230 271 2274; x_wconf 87' lang='lat' dir='ltr'>cem</span> <span class='ocrx_word' id='word_1_196' title='bbox 289 2219 376 2292; x_wconf 88' lang='lat' dir='ltr'>atque</span> <span class='ocrx_word' id='word_1_197' title='bbox 390 2221 540 2274; x_wconf 80' lang='lat' dir='ltr'>auctorem</span> <span class='ocrx_word' id='word_1_198' title='bbox 556 2212 662 2273; x_wconf 87' lang='lat' dir='ltr'>habeat</span> <span class='ocrx_word' id='word_1_199' title='bbox 678 2209 830 2272; x_wconf 88' lang='lat' dir='ltr'>libertatis.</span> 
     </span>
    </p>

    <p class='ocr_par' dir='ltr' id='par_1_10' title="bbox 179 2293 1250 2544">
     <span class='ocr_line' id='line_1_25' title="bbox 179 2293 1250 2376; baseline 0.003 -21"><span class='ocrx_word' id='word_1_200' title='bbox 179 2305 191 2355; x_wconf 89' lang='lat'><em>1</em></span> <span class='ocrx_word' id='word_1_201' title='bbox 270 2297 318 2358; x_wconf 90' lang='lat' dir='ltr'>lll.</span> <span class='ocrx_word' id='word_1_202' title='bbox 351 2296 426 2358; x_wconf 80' lang='lat' dir='ltr'>llum</span> <span class='ocrx_word' id='word_1_203' title='bbox 445 2297 519 2357; x_wconf 89' lang='lat' dir='ltr'>haec</span> <span class='ocrx_word' id='word_1_204' title='bbox 538 2304 696 2375; x_wconf 89' lang='lat' dir='ltr'>geruntur,</span> <span class='ocrx_word' id='word_1_205' title='bbox 721 2293 754 2364; x_wconf 85' lang='lat' dir='ltr'>Q.</span> <span class='ocrx_word' id='word_1_206' title='bbox 773 2295 881 2356; x_wconf 83' lang='lat' dir='ltr'>Fabius</span> <span class='ocrx_word' id='word_1_207' title='bbox 895 2295 995 2357; x_wconf 85' lang='lat' dir='ltr'>Pictor</span> <span class='ocrx_word' id='word_1_208' title='bbox 1016 2295 1163 2374; x_wconf 88' lang='lat' dir='ltr'>legatusa</span> <span class='ocrx_word' id='word_1_209' title='bbox 1249 2373 1250 2376; x_wconf 8' lang='grc' dir='ltr'><strong>Ἴ</strong></span> 
     </span>
     <span class='ocr_line' id='line_1_26' title="bbox 205 2379 1250 2459; baseline -0.003 -16"><span class='ocrx_word' id='word_1_210' title='bbox 205 2379 327 2458; x_wconf 72' lang='lat' dir='ltr'>delphis</span> <span class='ocrx_word' id='word_1_211' title='bbox 341 2382 464 2442; x_wconf 82' lang='lat' dir='ltr'>Romam</span> <span class='ocrx_word' id='word_1_212' title='bbox 480 2381 555 2440; x_wconf 93' lang='lat' dir='ltr'>redit</span> <span class='ocrx_word' id='word_1_213' title='bbox 576 2396 809 2459; x_wconf 87' lang='lat' dir='ltr'>responsumque</span> <span class='ocrx_word' id='word_1_214' title='bbox 830 2397 866 2439; x_wconf 89' lang='lat' dir='ltr'>ex</span> <span class='ocrx_word' id='word_1_215' title='bbox 890 2381 998 2457; x_wconf 88' lang='lat' dir='ltr'>scripto</span> <span class='ocrx_word' id='word_1_216' title='bbox 1019 2381 1161 2440; x_wconf 85' lang='lat' dir='ltr'>recitavit.</span> <span class='ocrx_word' id='word_1_217' title='bbox 1249 2389 1250 2398; x_wconf 77' lang='grc'>’</span> 
     </span>
     <span class='ocr_line' id='line_1_27' title="bbox 205 2459 1162 2544; baseline -0.001 -19"><span class='ocrx_word' id='word_1_218' title='bbox 205 2464 264 2526; x_wconf 87' lang='lat' dir='ltr'>divi</span> <span class='ocrx_word' id='word_1_219' title='bbox 280 2465 421 2544; x_wconf 85' lang='lat' dir='ltr'>divaeque</span> <span class='ocrx_word' id='word_1_220' title='bbox 436 2466 466 2524; x_wconf 93' lang='lat' dir='ltr'>in</span> <span class='ocrx_word' id='word_1_221' title='bbox 484 2482 518 2525; x_wconf 88' lang='lat' dir='ltr'>eo</span> <span class='ocrx_word' id='word_1_222' title='bbox 537 2473 635 2534; x_wconf 89' lang='lat' dir='ltr'>erant,</span> <span class='ocrx_word' id='word_1_223' title='bbox 655 2461 760 2542; x_wconf 89' lang='lat' dir='ltr'>quibus</span> <span class='ocrx_word' id='word_1_224' title='bbox 780 2459 897 2542; x_wconf 81' lang='lat' dir='ltr'>qu&#39;oquc</span> <span class='ocrx_word' id='word_1_225' title='bbox 913 2462 1000 2524; x_wconf 93' lang='lat' dir='ltr'>modo</span> <span class='ocrx_word' id='word_1_226' title='bbox 1015 2463 1162 2542; x_wconf 85' lang='lat' dir='ltr'>supplica·</span> 
     </span>
    </p>

    <p class='ocr_par' dir='ltr' id='par_1_11' title="bbox 178 2547 1249 2794">
     <span class='ocr_line' id='line_1_28' title="bbox 178 2547 1161 2618; baseline 0.001 -12"><span class='ocrx_word' id='word_1_227' title='bbox 178 2557 304 2618; x_wconf 66' lang='lat' dir='ltr'>aretum</span> <span class='ocrx_word' id='word_1_228' title='bbox 319 2556 381 2608; x_wconf 90' lang='lat' dir='ltr'>turn</span> <span class='ocrx_word' id='word_1_229' title='bbox 402 2549 453 2618; x_wconf 90' lang='lat' dir='ltr'>„si</span> <span class='ocrx_word' id='word_1_230' title='bbox 468 2549 508 2608; x_wconf 92' lang='lat' dir='ltr'>ita</span> <span class='ocrx_word' id='word_1_231' title='bbox 522 2548 633 2617; x_wconf 81' lang='lat' dir='ltr'>faxitis,</span> <span class='ocrx_word' id='word_1_232' title='bbox 660 2547 800 2616; x_wconf 85' lang='lat' dir='ltr'>Romani,</span> <span class='ocrx_word' id='word_1_233' title='bbox 821 2555 935 2607; x_wconf 85' lang='lat' dir='ltr'>vestrae</span> <span class='ocrx_word' id='word_1_234' title='bbox 959 2565 1007 2606; x_wconf 89' lang='lat' dir='ltr'>res</span> <span class='ocrx_word' id='word_1_235' title='bbox 1024 2547 1161 2608; x_wconf 87' lang='lat' dir='ltr'>meliores</span> 
     </span>
     <span class='ocr_line' id='line_1_29' title="bbox 205 2630 1161 2711; baseline -0.002 -19"><span class='ocrx_word' id='word_1_236' title='bbox 205 2632 410 2711; x_wconf 84' lang='lat' dir='ltr'>facilioresque</span> <span class='ocrx_word' id='word_1_237' title='bbox 436 2640 535 2702; x_wconf 87' lang='lat' dir='ltr'>erunt,</span> <span class='ocrx_word' id='word_1_238' title='bbox 568 2631 719 2709; x_wconf 87' lang='lat' dir='ltr'>magisque</span> <span class='ocrx_word' id='word_1_239' title='bbox 746 2647 782 2688; x_wconf 90' lang='lat' dir='ltr'>ex</span> <span class='ocrx_word' id='word_1_240' title='bbox 804 2632 948 2691; x_wconf 84' lang='lat' dir='ltr'>sententia</span> <span class='ocrx_word' id='word_1_241' title='bbox 970 2647 1018 2691; x_wconf 89' lang='lat' dir='ltr'>res</span> <span class='ocrx_word' id='word_1_242' title='bbox 1044 2630 1161 2708; x_wconf 83' lang='lat' dir='ltr'>publica</span> 
     </span>
     <span class='ocr_line' id='line_1_30' title="bbox 205 2713 1249 2794; baseline 0.001 -17"><span class='ocrx_word' id='word_1_243' title='bbox 205 2723 301 2777; x_wconf 84' lang='lat' dir='ltr'>restra</span> <span class='ocrx_word' id='word_1_244' title='bbox 322 2715 403 2776; x_wconf 87' lang='lat' dir='ltr'>robis</span> <span class='ocrx_word' id='word_1_245' title='bbox 428 2715 569 2794; x_wconf 87' lang='lat' dir='ltr'>procedet</span> <span class='ocrx_word' id='word_1_246' title='bbox 593 2714 772 2791; x_wconf 82' lang='lat' dir='ltr'>victoriaque</span> <span class='ocrx_word' id='word_1_247' title='bbox 798 2713 886 2774; x_wconf 93' lang='lat' dir='ltr'>duelli</span> <span class='ocrx_word' id='word_1_248' title='bbox 913 2713 1013 2794; x_wconf 90' lang='lat' dir='ltr'>populi</span> <span class='ocrx_word' id='word_1_249' title='bbox 1037 2713 1160 2774; x_wconf 85' lang='lat' dir='ltr'>Romani</span> <span class='ocrx_word' id='word_1_250' title='bbox 1248 2759 1249 2778; x_wconf 53' lang='grc'><strong>;</strong></span> 
     </span>
    </p>

    <p class='ocr_par' dir='ltr' id='par_1_12' title="bbox 178 2797 1249 3044">
     <span class='ocr_line' id='line_1_31' title="bbox 178 2797 1249 2877; baseline 0 -20"><span class='ocrx_word' id='word_1_251' title='bbox 178 2804 194 2856; x_wconf 79' lang='lat'><strong>3</strong></span> <span class='ocrx_word' id='word_1_252' title='bbox 209 2799 272 2858; x_wconf 88' lang='lat' dir='ltr'>erit.</span> <span class='ocrx_word' id='word_1_253' title='bbox 297 2799 401 2875; x_wconf 77' lang='lat' dir='ltr'>Pythio</span> <span class='ocrx_word' id='word_1_254' title='bbox 415 2798 542 2875; x_wconf 79' lang='lat' dir='ltr'>Apollini</span> <span class='ocrx_word' id='word_1_255' title='bbox 557 2816 590 2858; x_wconf 90' lang='lat' dir='ltr'>re</span> <span class='ocrx_word' id='word_1_256' title='bbox 605 2797 722 2877; x_wconf 82' lang='lat' dir='ltr'>publica</span> <span class='ocrx_word' id='word_1_257' title='bbox 738 2805 832 2858; x_wconf 86' lang='lat' dir='ltr'>vestra</span> <span class='ocrx_word' id='word_1_258' title='bbox 847 2797 924 2858; x_wconf 87' lang='lat' dir='ltr'>bene</span> <span class='ocrx_word' id='word_1_259' title='bbox 939 2805 1019 2876; x_wconf 88' lang='lat' dir='ltr'>gesta</span> <span class='ocrx_word' id='word_1_260' title='bbox 1034 2807 1160 2858; x_wconf 90' lang='lat' dir='ltr'>servata·</span> <span class='ocrx_word' id='word_1_261' title='bbox 1248 2836 1249 2857; x_wconf 50' lang='lat' dir='ltr'>t</span> 
     </span>
     <span class='ocr_line' id='line_1_32' title="bbox 206 2879 1159 2961; baseline 0 -21"><span class='ocrx_word' id='word_1_262' title='bbox 206 2899 263 2960; x_wconf 93' lang='lat' dir='ltr'>que</span> <span class='ocrx_word' id='word_1_263' title='bbox 279 2879 369 2940; x_wconf 86' lang='lat' dir='ltr'>lucris</span> <span class='ocrx_word' id='word_1_264' title='bbox 384 2883 496 2942; x_wconf 90' lang='lat' dir='ltr'>meritis</span> <span class='ocrx_word' id='word_1_265' title='bbox 511 2881 620 2940; x_wconf 91' lang='lat' dir='ltr'>donum</span> <span class='ocrx_word' id='word_1_266' title='bbox 636 2882 786 2951; x_wconf 87' lang='lat' dir='ltr'>mittitote,</span> <span class='ocrx_word' id='word_1_267' title='bbox 809 2880 903 2960; x_wconf 89' lang='lat' dir='ltr'>deque</span> <span class='ocrx_word' id='word_1_268' title='bbox 918 2882 1042 2961; x_wconf 92' lang='lat' dir='ltr'>praeda,</span> <span class='ocrx_word' id='word_1_269' title='bbox 1058 2899 1159 2941; x_wconf 91' lang='lat' dir='ltr'>mauu·</span> 
     </span>
     <span class='ocr_line' id='line_1_33' title="bbox 207 2962 1158 3044; baseline 0.001 -20"><span class='ocrx_word' id='word_1_270' title='bbox 207 2964 262 3025; x_wconf 91' lang='lat' dir='ltr'>biis</span> <span class='ocrx_word' id='word_1_271' title='bbox 278 2963 436 3044; x_wconf 91' lang='lat' dir='ltr'>spoliisque</span> <span class='ocrx_word' id='word_1_272' title='bbox 452 2964 595 3024; x_wconf 90' lang='lat' dir='ltr'>honorem</span> <span class='ocrx_word' id='word_1_273' title='bbox 615 2962 766 3032; x_wconf 83' lang='lat' dir='ltr'>habetote:</span> <span class='ocrx_word' id='word_1_274' title='bbox 785 2963 932 3026; x_wconf 89' lang='lat' dir='ltr'>lasciviam</span> <span class='ocrx_word' id='word_1_275' title='bbox 950 2983 966 3024; x_wconf 88' lang='lat' dir='ltr'>a</span> <span class='ocrx_word' id='word_1_276' title='bbox 991 2965 1073 3025; x_wconf 84' lang='lat' dir='ltr'>vohis</span> <span class='ocrx_word' id='word_1_277' title='bbox 1091 2983 1158 3043; x_wconf 91' lang='lat' dir='ltr'>pro·</span> 
     </span>
    </p>

    <p class='ocr_par' dir='ltr' id='par_1_13' title="bbox 180 3046 1248 3213">
     <span class='ocr_line' id='line_1_34' title="bbox 180 3046 1248 3128; baseline -0.001 -19"><span class='ocrx_word' id='word_1_278' title='bbox 180 3049 368 3111; x_wconf 64' lang='lat' dir='ltr'>ebibetotef‘</span> <span class='ocrx_word' id='word_1_279' title='bbox 398 3049 471 3109; x_wconf 91' lang='lat' dir='ltr'>haec</span> <span class='ocrx_word' id='word_1_280' title='bbox 484 3046 536 3109; x_wconf 87' lang='lat' dir='ltr'>ubi</span> <span class='ocrx_word' id='word_1_281' title='bbox 549 3066 585 3108; x_wconf 89' lang='lat' dir='ltr'>ex</span> <span class='ocrx_word' id='word_1_282' title='bbox 600 3049 714 3110; x_wconf 88' lang='lat' dir='ltr'>Graeco</span> <span class='ocrx_word' id='word_1_283' title='bbox 728 3050 859 3109; x_wconf 87' lang='lat' dir='ltr'>carmine</span> <span class='ocrx_word' id='word_1_284' title='bbox 879 3051 1072 3128; x_wconf 82' lang='lat' dir='ltr'>interpretata</span> <span class='ocrx_word' id='word_1_285' title='bbox 1087 3049 1158 3109; x_wconf 89' lang='lat' dir='ltr'>reci·</span> <span class='ocrx_word' id='word_1_286' title='bbox 1247 3119 1248 3126; x_wconf 8' lang='grc' dir='ltr'>ἵ</span> 
     </span>
     <span class='ocr_line' id='line_1_35' title="bbox 205 3131 1248 3213; baseline -0.001 -18"><span class='ocrx_word' id='word_1_287' title='bbox 205 3136 292 3202; x_wconf 83' lang='lat' dir='ltr'>tavit,</span> <span class='ocrx_word' id='word_1_288' title='bbox 309 3141 369 3193; x_wconf 91' lang='lat' dir='ltr'>tum</span> <span class='ocrx_word' id='word_1_289' title='bbox 385 3133 457 3193; x_wconf 84' lang='lat' dir='ltr'>dixit</span> <span class='ocrx_word' id='word_1_290' title='bbox 470 3151 502 3193; x_wconf 88' lang='lat' dir='ltr'>se</span> <span class='ocrx_word' id='word_1_291' title='bbox 517 3131 636 3193; x_wconf 90' lang='lat' dir='ltr'>oraculo</span> <span class='ocrx_word' id='word_1_292' title='bbox 649 3149 800 3210; x_wconf 86' lang='lat' dir='ltr'>egressum</span> <span class='ocrx_word' id='word_1_293' title='bbox 813 3132 959 3213; x_wconf 87' lang='lat' dir='ltr'>extemplo</span> <span class='ocrx_word' id='word_1_294' title='bbox 975 3135 1010 3192; x_wconf 91' lang='lat' dir='ltr'>iis</span> <span class='ocrx_word' id='word_1_295' title='bbox 1026 3132 1158 3194; x_wconf 87' lang='lat' dir='ltr'>omnihus</span> <span class='ocrx_word' id='word_1_296' title='bbox 1247 3143 1248 3148; x_wconf 76' lang='grc'>’</span> 
     </span>
    </p>

    <p class='ocr_par' dir='ltr' id='par_1_14' title="bbox 176 3215 1159 3548">
     <span class='ocr_line' id='line_1_36' title="bbox 176 3215 1158 3296; baseline -0.001 -20"><span class='ocrx_word' id='word_1_297' title='bbox 176 3218 278 3280; x_wconf 70' lang='lat' dir='ltr'>adiris</span> <span class='ocrx_word' id='word_1_298' title='bbox 291 3235 355 3276; x_wconf 88' lang='lat' dir='ltr'>rem</span> <span class='ocrx_word' id='word_1_299' title='bbox 367 3217 492 3277; x_wconf 84' lang='lat' dir='ltr'>divinam</span> <span class='ocrx_word' id='word_1_300' title='bbox 507 3225 573 3277; x_wconf 88' lang='lat' dir='ltr'>ture</span> <span class='ocrx_word' id='word_1_301' title='bbox 586 3234 620 3277; x_wconf 88' lang='lat' dir='ltr'>ac</span> <span class='ocrx_word' id='word_1_302' title='bbox 631 3218 698 3276; x_wconf 86' lang='lat' dir='ltr'>vino</span> <span class='ocrx_word' id='word_1_303' title='bbox 710 3216 829 3285; x_wconf 88' lang='lat' dir='ltr'>iecisse,</span> <span class='ocrx_word' id='word_1_304' title='bbox 848 3218 1019 3296; x_wconf 90' lang='lat' dir='ltr'>iussumque</span> <span class='ocrx_word' id='word_1_305' title='bbox 1032 3233 1048 3275; x_wconf 89' lang='lat' dir='ltr'>a</span> <span class='ocrx_word' id='word_1_306' title='bbox 1060 3215 1158 3293; x_wconf 90' lang='lat' dir='ltr'>templi</span> 
     </span>
     <span class='ocr_line' id='line_1_37' title="bbox 206 3299 1158 3368; baseline -0.002 -6"><span class='ocrx_word' id='word_1_307' title='bbox 206 3302 350 3368; x_wconf 84' lang='lat' dir='ltr'>antistite,</span> <span class='ocrx_word' id='word_1_308' title='bbox 368 3302 443 3360; x_wconf 88' lang='lat' dir='ltr'>sicut</span> <span class='ocrx_word' id='word_1_309' title='bbox 457 3308 614 3362; x_wconf 90' lang='lat' dir='ltr'>coronatus</span> <span class='ocrx_word' id='word_1_310' title='bbox 628 3299 728 3362; x_wconf 86' lang='lat' dir='ltr'>laurea</span> <span class='ocrx_word' id='word_1_311' title='bbox 745 3315 852 3360; x_wconf 91' lang='lat' dir='ltr'>corona</span> <span class='ocrx_word' id='word_1_312' title='bbox 869 3308 898 3361; x_wconf 89' lang='lat' dir='ltr'>et</span> <span class='ocrx_word' id='word_1_313' title='bbox 918 3299 1070 3361; x_wconf 90' lang='lat' dir='ltr'>oraculum</span> <span class='ocrx_word' id='word_1_314' title='bbox 1086 3299 1158 3360; x_wconf 88' lang='lat' dir='ltr'>adis·</span> 
     </span>
     <span class='ocr_line' id='line_1_38' title="bbox 206 3383 1159 3454; baseline -0.001 -11"><span class='ocrx_word' id='word_1_315' title='bbox 206 3392 251 3443; x_wconf 89' lang='lat' dir='ltr'>set</span> <span class='ocrx_word' id='word_1_316' title='bbox 265 3393 294 3444; x_wconf 91' lang='lat' dir='ltr'>et</span> <span class='ocrx_word' id='word_1_317' title='bbox 308 3401 371 3444; x_wconf 91' lang='lat' dir='ltr'>rem</span> <span class='ocrx_word' id='word_1_318' title='bbox 387 3383 513 3446; x_wconf 73' lang='lat' dir='ltr'>divinam</span> <span class='ocrx_word' id='word_1_319' title='bbox 529 3384 662 3454; x_wconf 90' lang='lat' dir='ltr'>iecisset,</span> <span class='ocrx_word' id='word_1_320' title='bbox 688 3385 727 3444; x_wconf 89' lang='lat' dir='ltr'>ita</span> <span class='ocrx_word' id='word_1_321' title='bbox 748 3393 921 3445; x_wconf 87' lang='lat' dir='ltr'>coronatum</span> <span class='ocrx_word' id='word_1_322' title='bbox 942 3401 1044 3445; x_wconf 86' lang='lat' dir='ltr'>narem</span> <span class='ocrx_word' id='word_1_323' title='bbox 1060 3399 1159 3442; x_wconf 87' lang='lat' dir='ltr'>ascen·</span> 
     </span>
     <span class='ocr_line' id='line_1_39' title="bbox 206 3466 1157 3548; baseline 0 -23"><span class='ocrx_word' id='word_1_324' title='bbox 206 3466 278 3526; x_wconf 86' lang='lat' dir='ltr'>dere</span> <span class='ocrx_word' id='word_1_325' title='bbox 292 3484 347 3525; x_wconf 87' lang='lat' dir='ltr'>uec</span> <span class='ocrx_word' id='word_1_326' title='bbox 364 3475 431 3526; x_wconf 89' lang='lat' dir='ltr'>ante</span> <span class='ocrx_word' id='word_1_327' title='bbox 447 3469 597 3547; x_wconf 88' lang='lat' dir='ltr'>deponere</span> <span class='ocrx_word' id='word_1_328' title='bbox 614 3485 693 3537; x_wconf 89' lang='lat' dir='ltr'>eam,</span> <span class='ocrx_word' id='word_1_329' title='bbox 715 3483 803 3547; x_wconf 91' lang='lat' dir='ltr'>quam</span> <span class='ocrx_word' id='word_1_330' title='bbox 818 3467 940 3530; x_wconf 87' lang='lat' dir='ltr'>llomam</span> <span class='ocrx_word' id='word_1_331' title='bbox 960 3467 1157 3548; x_wconf 84' lang='lat' dir='ltr'>pervenisset:</span> 
     </span>
    </p>
   </div>
   <div class='ocr_carea' id='block_1_4' title="bbox 99 1787 142 1803">
    <p class='ocr_par' dir='ltr' id='par_1_15' title="bbox 99 1787 142 1803">
     <span class='ocr_line' id='line_1_40' title="bbox 99 1787 142 1803; baseline 0 -5"><span class='ocrx_word' id='word_1_332' title='bbox 99 1787 142 1803; x_wconf 49' lang='lat' dir='ltr'>-qn</span> 
     </span>
    </p>
   </div>
   <div class='ocr_carea' id='block_1_5' title="bbox 0 0 1276 3956">
    <p class='ocr_par' dir='ltr' id='par_1_16' title="bbox 0 0 1276 3956">
     <span class='ocr_line' id='line_1_41' title="bbox 0 0 1276 3956; baseline 0 6"><span class='ocrx_word' id='word_1_333' title='bbox 0 0 1276 3956; x_wconf 95' lang='lat' dir='ltr'> </span> 
     </span>
    </p>
   </div>
  </div>
 </body>
</html>
