2542 3956
173 155 239 218 344
312 169 407 210 umus
416 167 506 208 xxm.
521 166 590 210 ose.
604 155 647 206 24.
659 153 703 206 25.
718 151 762 204 26.
782 142 821 226 [a.
837 167 868 207 u.
884 167 911 206 c.
925 141 994 226 538]

175 316 348 395 dissipatum
362 315 431 392 luga
447 320 506 386 est,
526 320 635 375 stratae
652 330 707 393 per
734 329 852 374 omnem
867 313 998 374 iacentis
1014 312 1145 390 agminis

175 400 311 460 ordinem
324 400 460 459 inventae
475 405 553 459 suut.

147 489 164 540 1
238 482 324 544 XXV.
349 483 411 543 llac
421 483 553 542 nuntiata
567 479 650 542 clade
665 497 733 542 cum
745 498 801 561 por
811 479 874 541 dies
888 479 1002 541 multos
1014 481 1051 539 in
1063 486 1144 539 tanto

174 584 283 646 pavore
303 566 405 628 luisset
426 566 541 636 civitas,
562 572 596 626 ut
615 563 746 626 tabernis
765 563 872 625 clausis
890 563 972 624 velut
994 571 1143 623 nocturna

175 649 332 712 solitudine
343 667 399 729 per
410 647 515 710 urbem
527 654 716 710 aotaseuatus
728 647 871 709 aedilibus
883 649 1042 725 negotium
1050 646 1142 716 daret,
1230 661 1244 694 r

144 741 209 796 aut
232 734 337 795 urbem
365 734 555 794 circumirent
575 733 742 811 aperirique
766 731 903 793 tabernas
923 737 954 792 et
975 731 1144 792 maestitiae

175 817 311 897 publicae
322 818 452 898 speciem
464 816 532 877 urbi
546 815 624 876 demi
635 815 788 886 iuberent,
804 823 867 876 tum
880 815 925 875 Ti.
942 815 1145 895 Sempronius

144 908 310 963 asenatum
324 901 427 962 babuit
441 899 664 978 consolatusque
679 907 779 979 patres
790 905 835 960 est
849 906 879 960 et
888 897 1080 966 adhortatus,
1097 915 1143 963 ne,

176 988 228 1066 qui
241 985 389 1048 Cannensi
404 984 508 1044 ruinae
521 1000 582 1043 uon
597 983 836 1054 succubuissent,
860 981 899 1043 ad
912 983 1053 1042 minores
1068 979 1142 1041 oela-

175 1071 292 1130 mitates
320 1069 434 1129 animos
456 1064 673 1129 submitterent.
712 1067 791 1146 quod
817 1066 854 1127 ad
878 1066 1143 1144 Carthaginienses
1246 1096 1247 1115 2

146 1152 276 1213 thostes
296 1149 549 1229 Hannibalemque
564 1151 721 1221 attineret,
753 1167 898 1230 prospera
916 1149 1011 1210 modo
1034 1153 1140 1214 esseni.

175 1237 252 1296 siout
266 1242 400 1315 speraret
416 1234 528 1304 lutura,
556 1233 700 1295 Gallicum
719 1233 831 1294 bellum
851 1240 882 1294 et
903 1234 1003 1294 omitti
1026 1238 1091 1293 tuto
1114 1238 1142 1289 et
1246 1281 1247 1292 2

176 1317 289 1381 differri
303 1337 406 1399 posse,
423 1318 625 1397 ultionemque
637 1335 702 1378 eam
718 1316 876 1378 fraudisin
894 1317 1024 1378 deorum
1040 1332 1078 1376 ac
1090 1332 1141 1393 po·

176 1402 239 1482 puli
253 1402 380 1464 Romani
394 1409 538 1483 potestate
553 1402 634 1472 lore;
658 1401 696 1462 de
715 1401 800 1462 hoste
819 1400 919 1462 Poeno
943 1397 1138 1472 exercitibus·

175 1505 249 1567 que,
268 1505 323 1567 per
338 1505 412 1566 quos
429 1485 459 1546 ld
475 1485 586 1546 bellum
607 1493 776 1563 gereretur,
800 1483 1032 1546 consultandum
1054 1491 1140 1561 atque

146 1571 355 1648 aegitandum.
382 1571 446 1649 ipse
461 1571 605 1649 primum,
618 1569 689 1648 quid
702 1568 834 1649 peditum
851 1570 1054 1648 equitumque,
1071 1562 1137 1645 quid

176 1655 297 1723 civium,
314 1653 384 1734 quid
401 1654 548 1714 sociorum
562 1654 594 1712 in
608 1655 741 1713 exercitu
758 1660 836 1714 esset
858 1651 1030 1722 dictatoris,
1049 1650 1138 1712 disse·

173 1738 251 1806 ruit;
269 1745 331 1796 tum
346 1735 502 1796 Marcellus
519 1752 639 1812 anuum
659 1738 811 1815 copiarum
828 1753 973 1798 summam
991 1734 1136 1816 exposuit

147 1819 246 1899 oquid
269 1820 301 1878 in
315 1818 420 1898 Apulia
442 1837 509 1879 cum
525 1819 556 1880 C.
578 1818 717 1880 Terentio
737 1818 858 1881 consule
879 1827 972 1890 esset,
992 1837 1011 1881 a
1037 1817 1137 1899 peritis

175 1903 339 1983 quaesitum
356 1911 409 1964 est.
443 1919 514 1974 nec,
529 1902 608 1963 unde
624 1902 794 1964 consulares
809 1905 955 1964 exereitus
969 1905 1046 1964 satis
1062 1899 1136 1962 firmi

175 1986 213 2048 ad
228 1993 342 2050 tantum
357 1985 468 2048 bellum
479 1985 682 2056 efficerentur,
699 1985 829 2048 inibatur
843 1988 928 2047 ratio.
956 1988 1061 2067 itaque
1072 1983 1135 2046 Gal·

174 2070 260 2141 liam,
277 2088 454 2151 quamquam
468 2068 638 2130 stimulabat
651 2072 728 2131 iusta
743 2071 802 2139 ira,
818 2070 914 2131 omitti
928 2089 963 2132 eo
978 2088 1061 2132 anno
1077 2067 1136 2148 pla·

145 2155 246 2215 touit.
275 2155 422 2214 exercitus
438 2154 589 2214 dictatoris
600 2153 712 2214 consuli
728 2154 864 2216 decretus
875 2161 928 2215 est.
951 2152 989 2215 de
1003 2153 1134 2216 exercitu

172 2237 213 2302 bl.
230 2236 378 2308 llaroelli,
397 2239 448 2317 qui
463 2255 566 2299 eorum
580 2257 617 2300 ex
631 2238 700 2317 fuga
715 2238 863 2299 Cannensi
879 2245 991 2306 essent,
1012 2240 1046 2298 in
1064 2235 1135 2298 Sici·

173 2320 244 2383 liam
261 2339 312 2384 eos
327 2321 443 2383 traduci
458 2329 545 2400 atque
560 2320 602 2382 ibi
616 2321 759 2392 militare,
775 2320 916 2382 donacio
931 2320 1014 2382 ltalia
1025 2319 1134 2383 bellum

146 2411 268 2476 desset,
286 2404 410 2484 placuit,
431 2405 536 2466 eodem
559 2424 596 2466 ex
616 2406 681 2467 luni
703 2404 854 2466 dictatoris
875 2404 1044 2486 legionibus
1063 2401 1134 2464 reici

173 2488 298 2550 militem
313 2490 428 2552 minimi
439 2507 586 2568 quemque
599 2489 717 2551 roboris
732 2488 813 2551 nullo
824 2490 998 2569 praestituto
1009 2488 1132 2566 ‚mutuae

147 2577 324 2652 ttempore,
339 2574 397 2634 nisi
408 2572 487 2651 quod
501 2573 715 2653 stipendiorum
727 2572 926 2650 legitimorum
941 2581 1028 2634 esset
1060 2573 1132 2634 duae

173 2653 306 2734 legiones
321 2656 453 2718 urbanae
469 2655 554 2718 alteri
567 2654 694 2728 consuli,
721 2658 771 2737 qui
791 2658 822 2716 in
836 2656 933 2718 locum
950 2657 984 2718 L.
1002 2652 1131 2718 Postumi

174 2739 314 2800 suffectus
329 2748 421 2810 esset,
439 2740 575 2801 decretae
590 2748 672 2813 sunt,
688 2759 828 2822 eumque,
848 2742 1060 2819 cumprimum
1077 2735 1130 2799 sal·

131 2827 165 2880 10
176 2822 218 2882 vis
232 2824 371 2902 auspiciis
377 2831 484 2902 posset,
502 2826 598 2884 creari
603 2825 722 2904 placuit.
748 2825 880 2904 legiones
894 2832 1049 2904 praeterea
1061 2823 1130 2884 duas

173 2905 270 2985 primo
285 2923 404 2985 quoque
419 2912 554 2985 tempore
572 2925 608 2968 ex
620 2906 718 2968 Sicilia
734 2910 824 2969 acciri
841 2916 928 2990 atque
942 2906 1012 2968 inde
1027 2922 1128 2969 consu·

172 2989 247 3061 lem,
272 2990 321 3052 cui
342 2988 474 3069 legiones
499 2988 631 3052 urbanae
659 2993 839 3064 evenissent,
864 2991 990 3054 militum
1016 3002 1130 3052 sumere

131 3077 162 3129 11
174 3082 316 3152 quantum
332 3093 406 3154 opus
425 3082 511 3137 esset.
537 3075 569 3138 G.
587 3074 727 3137 Terentio
742 3076 856 3136 consuli
869 3077 1029 3156 propagari
1037 3077 1069 3136 in
1080 3090 1128 3135 an·

173 3175 244 3218 num
256 3159 423 3236 imperium,
437 3177 533 3239 neque
544 3158 582 3220 de
596 3177 632 3220 eo
647 3161 787 3229 exercitu,
805 3161 939 3238 quemad
954 3159 1128 3239 praesidium

171 3240 293 3316 Aptdiae
307 3241 446 3316 haberet,
460 3245 617 3321 quicquam
630 3245 731 3302 minui.

145 3325 160 3374 1
234 3322 333 3382 xxvt.
369 3324 444 3384 Dum
465 3325 539 3385 baec
559 3326 590 3384 in
614 3325 696 3385 ltalia
719 3333 862 3404 geruntur
886 3325 1126 3405 adparanturque.

173 3399 266 3460 nihilo
279 3407 399 3481 segnius
412 3408 444 3466 in
459 3407 601 3494 Hispania
615 3407 727 3481 bellum
751 3416 827 3479 erat,
847 3409 899 3470 sed
915 3409 951 3469 ad
974 3427 1039 3470 earn
1054 3409 1127 3469 diem
