2538 3946
194 174 256 279 p38
427 187 520 230 crana
534 187 599 229 ιιι.
616 185 686 229 cnr.
700 173 744 228 tl.
760 164 801 249 [a.
815 189 845 230 n.
860 189 887 230 e.
903 165 965 250 536]

133 237 136 249 l

137 264 152 290 ζ’.

95 335 142 406 ti
194 340 251 399 iam
272 335 422 417 proiectus
443 351 538 403 eram,
560 353 628 396 cum
653 337 784 398 exercitu
808 337 854 396 ire
868 352 943 405 meo,
966 334 1018 396 ubi
1039 343 1069 398 et
1092 334 1156 400 ira·

193 429 269 484 trem
303 418 417 481 consilii
441 419 614 497 participem
644 435 679 478 ac
714 418 839 499 periculi
862 419 973 480 socium
1000 418 1154 492 haberem,

194 512 223 565 et
252 501 464 566 Hasdrubalem
491 502 588 581 potius
618 519 706 580 quam
743 499 938 564 Hannibalem
975 503 1101 572 hostem,
1124 513 1157 564 et

166 589 339 648 eminerem
354 586 431 647 baud
450 584 538 646 dubie
560 584 669 646 molem
689 583 775 646 belli:
796 593 910 656 tamen,
934 603 1001 648 cum
1020 594 1155 666 praeter·

193 672 317 733 veherer
337 669 459 731 navbus
476 668 585 730 Galliae
605 687 702 739 cram,
726 668 763 730 ad
784 670 892 730 lamam
908 669 995 730 huius
1009 670 1104 732 bostis
1122 672 1155 732 in

198 765 308 817 terram
331 770 473 832 egressus·
485 754 648 831 praemisso
668 755 797 833 equitatu
820 752 858 814 ad
880 752 1054 814 Rhodanum
1075 755 1156 815 movi

167 846 300 901 scaeua.
331 837 462 918 equestri
478 835 608 914 proelio,
630 854 687 916 qua
707 843 790 915 parte
811 838 962 915 copiarum
977 837 1155 898 conserendi

193 939 313 984 manum
335 921 452 982 lortnna
473 920 539 980 data
560 926 619 989 est,
644 920 760 982 hostem
782 919 860 989 indi;
882 920 1014 999 peditum
1035 937 1155 998 agmen,

193 1005 271 1088 quod
285 1007 317 1065 in
332 1004 452 1064 modum
469 1003 645 1080 fugientium
655 1005 763 1082 raptim
776 1002 932 1081 agebatur,
949 1006 1016 1083 quia
1031 1003 1155 1084 adsequi

192 1099 273 1150 terra
299 1105 359 1148 non
385 1093 533 1166 poteram,
561 1087 714 1166 neque'**
734 1103 889 1164 regressus
908 1087 945 1148 ad
970 1089 1052 1148 navis
1079 1096 1153 1158 erat,

193 1179 300 1252 quauta
322 1171 449 1232 maxime
469 1171 553 1248 potui
575 1170 818 1234 celeritatetantc
839 1171 929 1232 maris
945 1179 1155 1248 terrarumque

193 1257 317 1316 circuitu
334 1256 367 1316 in
378 1253 526 1314 radicibus
540 1271 632 1333 prope
649 1253 764 1333 Alpium
780 1254 849 1315 huie
859 1255 991 1316 timendo
1005 1256 1084 1316 hosti
1100 1255 1153 1316 cb·

164 1341 255 1400 evius
270 1339 320 1399 lui.
351 1344 466 1406 utrum,
482 1355 549 1398 oum
567 1337 746 1398 declinarem
755 1344 914 1408 ,certamen
927 1339 1093 1416 inprovisos
1108 1341 1153 1399 in-

194 1422 299 1484 cidisse
309 1423 427 1492 videor,
445 1439 482 1482 an
497 1438 656 1482 occurrere
666 1423 699 1481 in
712 1423 842 1500 vestigiis
860 1381 936 1492 aiud,
959 1421 1104 1484 lacessere
1119 1441 1153 1484 ac

164 1507 312 1567 atrahere
333 1505 369 1566 ad
386 1505 624 1566 decernendum?
653 1507 782 1585 experiri
794 1507 886 1575 iurat,
902 1513 1002 1566 utrum
1017 1505 1090 1567 alios
1106 1524 1152 1566 re·

193 1597 281 1668 pente
296 1589 552 1666 Carthaginienses
561 1605 617 1668 per
637 1589 740 1667 viginti
754 1603 847 1650 annos
863 1596 943 1650 terra
959 1589 1098 1659 ediderit,
1115 1607 1155 1650 an

194 1673 271 1732 idem
287 1675 360 1757 sint,
378 1674 428 1753 qui
440 1671 476 1738 ad
493 1673 610 1751 Aegatis
621 1679 826 1750 pugnaverunt
841 1672 966 1743 insulas,
985 1681 1015 1733 et
1030 1691 1104 1752 quos
1116 1672 1153 1733 ab

164 1756 285 1834 tl'ryoe
296 1754 505 1816 duodevicenis
516 1755 645 1816 denmiis
657 1757 825 1818 aestimatos
836 1758 987 1827 emisistis,
1006 1764 1036 1819 et
1053 1763 1149 1818 utrun-
1248 1797 1249 1806 a

194 1837 339 1900 Hannibal
354 1839 403 1900 bic
418 1840 456 1899 sit
473 1837 606 1900 aemulus
626 1838 766 1901 itinerum
782 1839 931 1911 Herodis,
955 1847 987 1901 ut
1003 1842 1066 1920 ipse
1083 1840 1149 1911 lert,

193 1940 230 1983 an
245 1921 394 2000 vectigalis
414 1923 680 2007 stipendiariusque
701 1930 732 1985 et
751 1942 852 1985 servus
872 1922 974 2003 populi
993 1925 1153 1985 Romania

164 2014 276 2085 epatre
291 2005 424 2068 relictus:
442 2022 530 2086 quem
548 2009 606 2066 nisi
621 2007 816 2085 Saguntinum
833 2008 929 2070 scelus
943 2009 1083 2086 agitaret,
1105 2027 1155 2068 re-

193 2093 322 2168 spiceret
344 2089 492 2169 prolecto,
513 2092 539 2152 si
560 2107 619 2152 non
639 2092 765 2170 patriam
786 2092 906 2161 victam,
928 2091 1049 2152 domum
1071 2100 1155 2152 certe
1247 2149 1248 2156 ,

165 2181 366 2253 epatremque
381 2181 412 2234 et
425 2174 545 2236 foedera
560 2173 735 2236 Hamilcaris
749 2176 859 2254 scripta
872 2193 976 2247 manu,
994 2177 1044 2254 qui
1057 2176 1156 2236 iussus

194 2256 229 2317 ab
246 2256 367 2318 consule
383 2265 485 2319 nostro
500 2260 679 2337 praesidium
696 2259 816 2320 deduxit
837 2257 874 2319 ab
892 2259 1001 2337 Eryce,
1017 2260 1069 2339 qui
1087 2276 1155 2337 gra·

193 2357 242 2402 res
257 2343 399 2422 inpositas
417 2342 500 2403 victis
517 2342 808 2420 Carthaginiensibus
823 2341 905 2422 loges
927 2343 1058 2404 tremens
1073 2361 1155 2404 mae·

193 2443 321 2506 reusque
337 2429 465 2506 accepit,
481 2428 533 2506 qui
547 2426 691 2488 decedere
707 2426 819 2497 Sicilia,
843 2428 894 2506 qui
907 2427 1086 2505 stipendium
1100 2445 1155 2506 po·
1246 2441 1247 2514 ᾗ

152 2515 185 2567 10
196 2509 265 2589 pulo
281 2511 414 2572 Romano
427 2510 498 2571 dare
509 2517 612 2588 pactus
623 2518 676 2570 est.
706 2512 805 2590 itaque
816 2528 867 2572 vos
881 2529 950 2588 ego,
965 2510 1082 2582 milites,
1094 2528 1156 2570 non

98 2629 101 2638 ·
194 2613 229 2654 eo
240 2593 335 2655 solum
347 2597 461 2664 aninlo,
478 2612 536 2676 quo
548 2594 686 2655 adversus
697 2593 769 2656 alios
781 2593 1005 2664 hostessoletis,
1020 2611 1156 2675 pugnare

193 2676 293 2748 velim,
318 2679 370 2738 sed
392 2697 459 2740 cum
480 2678 683 2757 indignatione
698 2677 824 2760 quadam
846 2685 933 2758 atque
953 2680 1013 2748 ira,
1035 2676 1156 2740 velutsi

194 2777 294 2820 servos
312 2761 434 2821 rideatis
453 2770 566 2823 vestros
588 2780 670 2824 arma
684 2771 809 2843 repente
825 2769 928 2824 oontm
947 2781 999 2822 vos
1013 2761 1154 2823 serentes.

137 2849 182 2915 ,11
196 2840 277 2903 licuit
307 2843 344 2903 ad
364 2844 488 2922 Erycem
509 2845 623 2906 clausos
643 2845 746 2908 ultimo
773 2844 917 2924 supplicio
944 2847 1154 2916 humanorum,
1245 2919 1246 2922 Ἴ

193 2925 458 2997 lamainterticere;
474 2927 711 2990 licuitvictricem
719 2929 842 2991 classem
852 2930 1156 2992 inAfricamtraicere
1245 2929 1246 2935 ’

193 3017 279 3090 atque
294 3012 372 3072 intra
387 3029 496 3091 paucos
517 3011 580 3074 dies
600 3014 665 3074 sine
684 3013 744 3075 ullo
768 3015 930 3076 certamine
945 3013 1156 3090 Carthaginem

151 3103 183 3153 12
195 3094 295 3156 delere
308 3116 365 3157 -a
382 3098 495 3158 reniam
511 3096 646 3158 dedimus
660 3097 865 3179 precantibus,
882 3098 1032 3159 emisimus
1048 3116 1084 3158 ex
1100 3097 1155 3158 ob·

194 3178 323 3250 sidione,
339 3197 443 3259 pacem
455 3200 521 3243 oum
536 3183 621 3244 victis
635 3183 771 3254 lechnus,
790 3181 896 3242 tutelae
912 3180 1018 3243 deinde
1033 3188 1156 3242 nostrae

153 3268 184 3319 13
197 3261 348 3332 duximus,
367 3281 434 3324 cum
449 3265 548 3326 birico
566 3264 644 3327 bello
660 3273 847 3346 urgerentur.
876 3283 931 3345 pro
945 3265 992 3325 his
1005 3265 1156 3344 inpertitis

194 3343 337 3406 furiosum
348 3348 482 3409 iuvenem
499 3356 656 3428 sequentes
668 3357 868 3430 oppugnatum
879 3350 1004 3429 patriam
1019 3355 1156 3408 nostram

196 3427 325 3487 veniunt
363 3435 449 3508 etque
471 3433 583 3492 utinam
604 3451 660 3509 pro
683 3435 791 3494 decore
810 3440 924 3494 tantum
946 3433 1003 3492 hcc
1024 3429 1109 3494 vobis
1126 3438 1158 3492 et
