2538 3946
398 239 491 282 nmen
505 240 569 285 xxi.
586 239 651 282 car.
667 227 693 281 5.
709 227 736 282 c.
985 225 1048 288 209

60 389 183 459 luere,
211 390 321 449 invicta
337 387 428 458 acles,
451 389 476 448 si
497 405 590 468 acquo
605 387 794 448 dimicaretur
810 405 923 467 campo.
948 390 1046 468 itaque
1057 395 1093 446 la

64 480 100 532 et
118 473 257 551 ingenio
270 471 385 532 seroces
400 479 430 532 et
449 469 634 532 multitudine
648 471 717 530 freti
732 478 775 542 et,
797 469 875 550 quod
890 479 970 532 metu
984 491 1047 533 ces·
1145 549 1151 554 ᾖ

63 558 152 616 sisse
166 555 335 616 credebant
348 555 477 625 hostem,
493 553 523 613 id
535 555 647 614 morari
658 556 810 615 victoriam
823 555 896 624 rati,
912 556 991 634 quod
1002 557 1048 615 in-

65 637 217 700 teresset
227 639 336 708 amnis,
354 636 484 698 clamore
493 635 608 696 sublato
619 639 728 716 passim
739 639 804 698 sine
814 637 901 699 ullius
911 639 1046 717 imperio,

66 739 135 800 qua
153 723 268 800 cuique
283 722 451 801 proximum
466 727 525 790 est,
548 722 580 780 in
601 738 718 781 amnem
734 728 833 782 ruunt
860 729 942 782 etex
960 729 1045 801 parte
1057 728 1092 780 13

68 804 180 866 altera
196 807 280 885 ripae
293 806 337 865 vis
349 805 455 882 ingens
467 805 598 883 equitum
610 805 644 863 in
657 803 767 866 llumen
782 806 918 875 inmissa,
933 805 1046 866 medio·
1071 837 1110 874 f

68 907 137 967 que
150 887 240 950 alveo
249 887 473 968 haudquaquam
486 888 551 966 pari
562 889 723 950 certamine
731 906 921 959 concursum,
937 890 1045 968 quippe
1055 882 1091 945 '14

35 965 37 984 ²
53 971 130 1042 ,ubi
146 970 246 1052 pedes
260 969 405 1032 instabilis
420 987 454 1032 ac
467 972 515 1031 vix
525 969 599 1031 vado
612 971 706 1032 fldens
719 971 765 1032 vel
776 970 812 1031 ab
828 972 936 1032 inermi
951 975 1048 1051 equite

71 1073 161 1135 equo
174 1062 290 1116 temere
303 1062 368 1116 acto
383 1054 512 1134 perverti
525 1061 639 1134 posset,
656 1073 745 1135 eques
760 1073 884 1136 corpore
899 1057 1048 1134 armisque

69 1137 177 1210 liber,
199 1157 274 1219 equo
287 1138 332 1200 vel
344 1156 399 1219 per
408 1138 522 1199 medios
534 1139 663 1216 gurgites
675 1137 786 1208 stabili,
800 1139 965 1199 comminus
975 1139 1047 1198 emi·

62 1239 204 1302 musque
220 1240 284 1283 rem
305 1229 431 1300 gereret.
458 1237 528 1300 pars
540 1238 646 1298 magna
660 1221 780 1282 flumine
797 1221 964 1301 absumpta;
984 1223 1047 1300 qui·
1057 1227 1090 1278 15

34 1346 49 1370 a
73 1306 154 1366 dam
179 1307 323 1366 verticoso
345 1306 425 1366 amul
440 1303 529 1364 delati
549 1304 580 1364 in
600 1304 692 1364 hostis
713 1304 750 1364 ab
766 1305 929 1383 elephantis
946 1305 1049 1364 obtriti

35 1393 45 1410 ’“
74 1395 164 1449 sunt.
194 1389 345 1467 postremi,
361 1387 467 1467 quibus
477 1405 630 1466 regressus
639 1389 671 1447 in
681 1405 764 1448 suam
774 1389 870 1466 ripam
880 1389 972 1448 tutior
982 1388 1044 1458 luit,
1057 1393 1092 1444 lc
1145 1389 1153 1402 '

77 1475 120 1531 ex
142 1473 228 1532 varia
245 1471 441 1550 trepidatione
457 1489 523 1532 eum
547 1473 578 1531 in
596 1489 689 1532 unum
704 1470 926 1550 colligerentur,
952 1473 1048 1550 prius·

80 1571 180 1649 quam
198 1573 214 1615 a
230 1561 312 1615 tanto
326 1573 434 1635 pavore
450 1556 618 1634 reciperent
628 1556 755 1626 animos,
773 1553 919 1615 Hannibal
930 1556 1047 1632 agmine

59 1637 232 1722 „quadrato
254 1656 370 1700 amnem
388 1639 538 1716 ingressus
557 1639 659 1716 lugam
677 1657 713 1700 ex
727 1639 793 1717 ripa
812 1637 896 1708 lecit,
916 1639 1048 1699 vastatis-

34 1777 36 1780 .
80 1740 145 1800 quc
163 1723 241 1800 agris
255 1723 334 1782 intra
347 1739 458 1801 paucos
473 1722 535 1784 dies
549 1723 728 1800 Carpetanos
743 1729 863 1802 quoque'
874 1723 906 1781 in
922 1721 1045 1782 deditio·

34 1801 43 1858 'r
82 1821 158 1866 nem
174 1807 296 1884 accepit.
327 1812 356 1864 et
369 1807 428 1866 iam
443 1806 541 1866 omnia
556 1812 637 1867 trans
647 1805 789 1866 Hiberum
803 1811 921 1886 praeter
932 1807 1044 1884 Sagun·
1057 1809 1092 1860 17

82 1889 167 1946 tinos
181 1889 465 1966 Carthaginiensium
480 1897 573 1948 erant.

153 1970 199 2032 Vl.
234 1971 307 2034 Cum
330 1971 499 2050 Saguntinis
522 1970 632 2033 bellum
656 1972 788 2032 nondum
814 1978 890 2043 crat,
917 1977 1075 2033 ceteruml

86 2055 149 2114 iam
168 2053 239 2115 belli
260 2073 347 2116 causa
362 2056 524 2115 certamina
542 2073 610 2115 cum
630 2056 761 2115 finitimis
775 2053 963 2126 serebantur,
986 2075 1049 2116 ma·

87 2155 177 2197 xumc
189 2138 375 2198 Turdetanis.
408 2137 515 2216 quibus
527 2154 593 2197 cum
605 2138 720 2198 adesset
739 2137 832 2209 idem,
849 2140 900 2218 qui
912 2138 972 2200 litis
985 2143 1078 2199 erat2

88 2227 184 2289 sator,
202 2238 258 2280 nec
269 2227 419 2280 certamen
428 2220 515 2289 iuris,
532 2219 584 2279 sed
593 2221 652 2280 vim
663 2223 766 2299 quaeri
777 2229 947 2300 appareret,
960 2222 1049 2299 legati
1072 2264 1075 2270 -

89 2319 107 2361 a
123 2301 290 2378 Saguntinis
300 2301 424 2362 Romam
444 2303 527 2362 missi
548 2301 686 2363 auxilium
701 2303 738 2363 ad
758 2303 868 2363 bellum
890 2306 949 2364 iam
969 2305 1048 2364 haud

90 2383 179 2444 dubie
196 2386 344 2444 inminens
365 2392 492 2446 orantes.
536 2385 670 2446 consules
691 2393 762 2446 tunc
780 2387 890 2447 Romae
910 2393 994 2447 erant
1014 2387 1077 2448 lta

90 2466 244 2529 Cornelius
259 2468 357 2546 Scipio
373 2475 402 2530 ct
416 2469 461 2529 Ti.
479 2467 671 2548 Sempronius
686 2469 814 2548 Longus.
848 2471 899 2548 qui
916 2488 983 2531 cum
1006 2470 1048 2529 le·

91 2553 165 2628 gatis
176 2552 207 2611 in
221 2557 355 2612 senatum
372 2552 546 2613 lntroductis
558 2551 594 2612 de
610 2571 644 2612 re
657 2551 775 2631 publica
789 2553 972 2624 retulissent,
985 2553 1048 2632 pla·

92 2636 255 2714 cuissetque
270 2636 347 2696 mitti
366 2634 478 2714 legatos
490 2638 520 2696 in
534 2636 704 2719 Hlspaniam
719 2637 819 2697 adres
839 2639 986 2698 sociorum
1002 2639 1047 2696 in·-

92 2717 268 2796 spiciendas,
292 2718 402 2800 quibus)
413 2721 438 2780 si
452 2719 601 2780 rideretur
619 2721 706 2797 digna
722 2736 824 2789 causa,
846 2729 876 2780 et
890 2719 1076 2780 Hannibalis

93 2800 315 2873 denuntiarent,
331 2811 364 2863 ut
378 2801 414 2863 ab
427 2803 610 2881 Saguntinis,
627 2802 827 2882 sociis-populi
840 2803 979 2875 Romani,
997 2804 1050 2864 acb-¹

94 2885 228 2956 stineret,
244 2894 273 2947 et
281 2886 489 2964 Carthaginem
501 2889 532 2947 in
540 2886 669 2947 Africam
683 2887 842 2948 traicerent
853 2905 888 2948 ac
899 2891 1048 2948 sociorum

95 2968 191 3046 populi
213 2969 338 3030 Romani
356 2973 555 3050 querimonias
577 2970 742 3041 deferrent,
765 3003 801 3016 -
825 2969 881 3031 hac
902 2969 1077 3049 legatione5

95 3049 209 3110 decreta
230 3052 357 3113 necdum
377 3056 480 3123 missa,
510 3056 641 3114 omnium
667 3071 720 3132 spe
740 3052 865 3114 celerius
885 3054 1047 3131 Saguntum

96 3136 256 3212 oppugnari
267 3134 395 3194 adlatum
408 3143 461 3196 est.
490 3143 559 3195 tunc
570 3134 662 3194 relata
678 3137 715 3194 de
727 3137 845 3211 integro
856 3153 904 3194 res
916 3135 952 3195 ad
963 3153 1048 3195 sena·
1059 3143 1077 3194 6

96 3224 169 3286 tum;
186 3215 275 3277 etalii
286 3217 452 3295 provincias
463 3216 632 3277 consulibus
640 3218 809 3295 Hispaniam
821 3227 908 3296 atque
919 3217 1048 3279 Africam

97 3300 284 3361 decernentes
299 3307 379 3360 terra
393 3302 527 3378 marique
547 3317 611 3359 rem
628 3300 789 3376 gerendam
804 3300 977 3371 censebant,
1000 3300 1049 3361 alii

98 3391 183 3445 totum
207 3386 237 3443 in
253 3384 422 3463 Hispaniam
437 3381 688 3460 Hannibalemque
712 3382 900 3443 intenderant
921 3382 1046 3452 bellum;

97 3474 175 3528 crant
186 3469 237 3547 qui
247 3484 306 3528 non
324 3473 436 3528 temere
451 3465 625 3528 movendam
636 3484 699 3528 rem
715 3472 826 3530 tantam
837 3468 1078 3548 expectandos-r

135 3582 159 3618 r.
176 3583 238 3620 n1v1
256 3582 325 3619 raes
344 3583 378 3623 11,
801 3557 841 3618 14
