2546 3936
202 203 263 268 118
360 218 455 262 utens
469 218 513 259 rx.
530 215 599 262 cnr.
615 204 658 258 22.
672 202 716 256 2³.
734 191 774 278 [a.
789 217 821 258 u.
835 211 860 256 c.
876 200 937 256 tat.
951 191 1013 276 440]
1067 235 1072 240 -

201 365 349 448 proelium
371 367 451 438 iniit,
473 385 531 446 quo
552 363 632 426 haud
653 361 742 424 dubie
757 370 878 444 superat
890 362 1060 432 Romanus:
1081 379 1174 425 recu·

204 457 398 531 paratumque
414 449 481 512 Auli
496 467 605 530 corpus
617 449 708 508 mixta
723 464 789 508 cum
807 446 909 509 dolore
920 445 1032 508 laetitia
1042 448 1173 509 victores

159 537 192 595 tt
204 535 236 594 in
250 541 346 596 castra
363 535 509 596 referunt.
540 533 686 594 Samnites
702 531 777 592 duce
790 533 898 592 amisso
916 538 946 591 et
960 548 1016 612 per
1031 540 1173 610 equestre

203 620 521 698 certamentemptatis
536 616 648 677 viribus
665 616 774 675 ombsa
791 613 935 686 Saticula,
958 633 1047 694 quam
1064 618 1172 696 nequi·
1258 665 1259 698 ξ

203 720 291 781 quam
305 701 426 763 delendi
445 701 604 771 rebantur,
626 698 662 760 ad
677 697 814 760 Plisticae
829 698 1015 760 obsidionem
1031 697 1171 770 redeunt,

201 787 339 866 intraque
359 803 469 865 paucos
491 786 554 846 dies
576 779 704 845 Saticula
724 783 874 844 Romanus
900 800 957 863 per
977 782 1170 854 deditionem,

201 868 320 931 Plistica
334 887 390 948 per
404 870 463 930 vim
476 869 594 930 Samnis
607 866 728 944 potitur.

175 958 189 1010 1
263 951 366 1014 xxtll.
397 951 507 1012 llutata
521 948 591 1009 inde
604 945 676 1010 belli
691 948 770 1010 sedis
784 956 843 1018 est:
859 947 897 1010 ad
914 949 1019 1012 Soram
1035 950 1170 1011 exSam-
1251 983 1256 990 ·

173 1037 251 1096 tulo
270 1033 434 1113 Apuliaque
454 1032 607 1094 traductae
628 1031 770 1112 legiones.
807 1034 882 1096 Sora
903 1033 941 1094 ad
955 1035 1104 1096 Samnites
1116 1033 1170 1095 de·

201 1117 315 1178 lecerat
339 1115 503 1178 intersectis
529 1116 641 1178 colonis
661 1118 872 1178 Romanorum.
914 1135 1060 1197 quocum
1083 1119 1170 1196 prior

201 1201 354 1262 Romanus
369 1202 515 1262 exercitus
532 1199 568 1261 ad
583 1199 782 1262 ulciscendam
798 1203 905 1262 civium
919 1219 1024 1262 necem
1039 1219 1169 1281 recupe-

176 1284 387 1364 arandamque
411 1284 557 1348 coloniam
580 1286 695 1362 magnis
716 1282 873 1344 itineribus
898 1285 1113 1362 praevenisset,
1139 1292 1171 1346 et

202 1370 297 1448 sparsi
310 1387 366 1449 per
380 1369 441 1432 vias
456 1367 656 1448 speculatores
670 1369 754 1447 sequi
770 1365 902 1445 legiones
917 1366 1093 1427 Samnitium
1111 1383 1170 1428 nee

173 1455 260 1515 tiam
273 1451 379 1532 procul
394 1452 497 1514 abesse
514 1451 563 1514 alii
578 1469 667 1530 super
677 1450 751 1512 alios
762 1452 949 1519 nuntiarent,
962 1449 1078 1511 obviam
1090 1450 1168 1512 itum

199 1537 280 1599 hosti
291 1543 379 1616 atque
390 1538 427 1597 ad
438 1535 577 1597 Lautulas
588 1535 709 1612 ancipiti
717 1533 831 1613 proelio
843 1534 1014 1594 dimicatum
1026 1541 1079 1594 est.
1105 1551 1168 1594 non

202 1621 322 1690 caedes,
345 1637 406 1680 non
427 1621 495 1698 luga
511 1618 631 1679 alterius
651 1619 759 1696 partis,
779 1616 831 1678 sed
852 1635 912 1679 uox
931 1619 1077 1688 incertos,
1097 1618 1166 1680 victi
1188 1668 1195 1675 .
1231 1675 1238 1696 ‚

173 1706 367 1764 brictmesne
383 1709 495 1773 essent,
513 1701 640 1762 diremit.
672 1701 789 1761 invenio
806 1700 885 1779 apud
903 1701 1045 1780 quosdam
1062 1700 1162 1762 adver·

202 1804 265 1848 sam
287 1803 352 1846 eam
372 1803 502 1864 pugnam
516 1784 658 1846 Romanis
680 1784 784 1855 luisse,
808 1793 895 1864 atque
916 1785 948 1844 in
969 1803 1004 1844 ea
1024 1785 1164 1846 cecidisse
1258 1795 1259 1864 f

175 1871 239 1942 ot).
261 1869 378 1930 lunum
397 1870 572 1948 magistrum
593 1870 734 1948 equitum.
773 1869 913 1946 suffectus
930 1869 962 1928 in
980 1866 1078 1930 locum
1099 1867 1167 1930 dull

202 1954 234 2016 C.
249 1952 358 2015 Fabius
379 1955 520 2031 magister
540 1954 673 2032 equitum
691 1970 760 2014 cum
775 1954 907 2014 exercitu
927 1970 1002 2012 novo
1023 1951 1167 2014 abRoma

201 2038 319 2099 advenit
335 2044 364 2097 et
381 2054 437 2116 per
453 2037 632 2115 praemissos
649 2037 769 2097 nuntios
783 2035 917 2096 consulto
935 2036 1092 2107 dictatore,
1113 2035 1167 2098 ubi

201 2120 389 2191 subsisteret,
403 2138 498 2199 quove
512 2129 648 2200 tempore
664 2128 694 2181 et
708 2140 765 2200 qua
780 2138 816 2182 ex
829 2127 915 2199 parte
930 2119 1046 2181 bostem
1059 2119 1166 2199 adgre-

201 2205 338 2276 deretur,
353 2203 484 2266 substitit
497 2203 629 2266 occultus
644 2204 680 2265 ad
698 2205 798 2266 omnia
811 2205 881 2265 satis
897 2202 1056 2282 exploratis
1067 2205 1166 2266 consi-

173 2288 256 2350 tliis.
290 2289 415 2350 dlctator
430 2307 498 2351 cum
512 2306 567 2370 per
581 2287 692 2371 aliquot
703 2288 766 2350 dies
779 2297 848 2368 post
860 2305 991 2369 pugnam
1003 2289 1165 2350 continuis·

202 2380 248 2434 set
259 2391 328 2434 suos
344 2373 423 2436 intra
438 2372 546 2434 vallum
561 2371 674 2435 obsessi
687 2373 781 2450 magis
792 2390 881 2452 quam
891 2371 1054 2433 obsidentis
1064 2372 1164 2444 modo,

172 2458 317 2537 asignum
333 2464 457 2537 repente
478 2474 594 2536 pugnae
616 2458 770 2534 proposuit
793 2464 837 2526 et,
860 2456 1009 2518 efficacius
1024 2463 1106 2518 ratus
1127 2457 1165 2518 ad

201 2539 407 2602 accendendos
425 2541 557 2602 virorum
582 2539 702 2600 lortium
724 2541 839 2601 animos
853 2539 965 2601 nullam
986 2539 1056 2600 alibi
1076 2559 1163 2620 mam

199 2626 231 2686 iu
247 2631 341 2685 semet
363 2625 428 2703 ipso
443 2625 579 2704 cuiquam
593 2623 727 2684 relictam
743 2643 843 2703 spem,
869 2623 905 2685 de
925 2625 1067 2702 magistro
1082 2625 1159 2710 equi·
1258 2677 1259 2690 ,

171 2717 261 2770 itum
276 2724 411 2788 novoque
426 2710 557 2769 exercitu
576 2707 700 2769 militem
722 2708 825 2769 celavit
853 2714 896 2778 et,
918 2714 1067 2788 tamquam
1084 2707 1163 2772 nulla

200 2794 258 2852 nisi
274 2793 306 2851 in
321 2793 476 2870 eruptione
488 2809 556 2873 spes
573 2799 665 2862 esset,
680 2791 805 2862 „locls“
820 2793 916 2871 inquit
926 2793 1091 2870 „angustis
1107 2794 1162 2854 mi-

200 2873 281 2945 lites,
304 2873 496 2953 deprehensi,
518 2877 575 2936 nisi
589 2895 677 2956 quam
692 2876 812 2936 victoria
826 2876 1055 2955 patefecerimus
1076 2877 1162 2948 uam,
1258 2935 1259 2944 ,

157 2965 192 3018 to
202 2956 313 3019 nullam
328 2956 482 3020 habemus.
504 2960 607 3020 stativa
622 2966 723 3020 nostra
734 2961 917 3021 munimento
929 2963 999 3022 satis
1010 2967 1073 3022 tuta
1083 2968 1161 3033 sunt,

198 3043 252 3105 sed
267 3043 366 3124 inopia
381 3041 485 3103 eadem
499 3043 619 3104 infesta:
636 3061 704 3104 uam
722 3052 752 3104 et
769 3045 847 3106 circa
863 3045 961 3105 omnia
978 3044 1160 3116 defecerunt,

199 3126 278 3188 unde
292 3125 415 3188 subvehi
429 3135 611 3189 commeatus
627 3136 778 3209 poteraut,
805 3136 849 3199 et,
868 3130 894 3189 si
914 3128 1048 3190 homines
1060 3121 1184 3190 iurare'

158 3219 188 3270 11
199 3211 305 3282 velint,
325 3210 427 3290 iniqua
446 3211 511 3274 loca
531 3219 609 3274 sunt.
644 3213 743 3291 itaque
764 3230 824 3272 nou
844 3211 1010 3274 frustrabor
1033 3231 1089 3290 ego
1110 3229 1161 3274 ros

198 3306 294 3356 castra
308 3295 358 3356 hic
368 3293 579 3375 relinquendo,
594 3299 627 3359 in
641 3315 716 3375 quae
730 3296 840 3357 inlecta
854 3297 990 3367 victoria,
1008 3297 1084 3357 sicut
1098 3296 1159 3376 pri·

199 3379 276 3438 stino
288 3377 349 3449 die,
359 3396 411 3439 vos
422 3382 581 3459 recipiatis.
609 3382 701 3442 armis
711 3381 908 3450 munimenta,
920 3397 981 3440 non
993 3381 1145 3440 munimen

157 3461 237 3518 tatis
262 3479 344 3522 arma
365 3467 428 3522 tuta
452 3480 517 3525 esse
536 3463 654 3526 debent.
691 3471 787 3524 castra
813 3462 942 3524 babeant
965 3471 1159 3544 repetantque
