2542 3956
202 169 267 236 314
381 191 477 231 mnu
488 189 566 230 xxn.
582 189 651 231 oar.
665 178 708 227 59.
722 177 764 226 ⁶⁰.
785 171 826 242 [a.
839 189 872 228 u.
887 189 915 228 c.
928 169 992 242 538]

203 346 306 400 noster
320 346 376 398 est
405 355 462 397 nee
475 329 589 397 maiore
604 339 703 416 pretio
716 335 826 395 redimi
845 352 1014 412 possumus.
1047 337 1184 414 quamii

203 429 358 484 emuntur:
374 440 443 482 nam
457 424 484 481 si
498 423 652 482 conferam
662 438 718 480 nos
729 437 798 480 cum
812 419 884 487 illis,
900 421 1045 479 iniuriam
1059 421 1183 480 nomini

162 506 336 568 tollemano
355 506 472 566 loriam.
506 505 583 565 illud
603 505 693 564 etiam
713 505 746 563 in
765 501 819 562 tali
839 501 967 562 consilio
989 503 1182 563 animadver-

203 589 326 652 tendum
340 588 426 649 robis
440 607 593 657 censeam,
607 595 708 667 patres
722 588 902 664 conscripti,
919 589 946 646 si
960 587 1022 646 iam
1036 586 1180 646 duriores
1254 651 1255 676 ¹

204 672 388 742 essevelitis,
404 672 485 751 quod
495 672 579 732 nullo
589 673 811 731 nostromerito
823 671 951 739 faciatis,
967 671 1018 730 cui
1028 687 1085 730 nos
1096 670 1178 730 hosti
1254 689 1255 702 ¹

163 767 196 815 14
205 756 344 817 relicturi
364 759 440 816 sitis.
475 756 590 836 Pyrrho
610 755 764 822 videlicet,
785 755 838 832 qui
854 750 936 832 [vos]
952 752 1107 832 hospitum
1121 771 1176 813 nu·
1254 809 1255 820 ,

203 858 288 900 mero
304 842 438 918 captivos
458 839 581 899 babuit?
603 857 641 898 an
661 837 792 898 barbaro
811 853 847 896 ac
860 837 979 907 Poeno,
1000 839 1054 916 qui
1074 844 1175 898 utrum
1254 909 1255 926 χ

163 933 195 981 to
205 925 323 984 avarior
337 941 376 982 an
391 922 544 982 crudelior
557 925 612 991 sit,
627 925 677 982 vix
692 922 857 982 existimari
871 919 988 999 potest?
1009 923 1036 980 si
1050 921 1176 981 videatis

204 1015 325 1068 catenas
346 1005 515 1084 squalorem
536 1005 756 1066 deformitatem
776 1006 888 1064 civium
907 1011 1092 1073 vestrorum,
1115 1022 1175 1064 non
1254 1047 1255 1064 2

203 1093 304 1149 minus
317 1089 454 1167 proiecto
468 1107 521 1150 ros
540 1107 576 1150 ea
593 1092 709 1170 speeies
723 1095 854 1156 moveat,
876 1105 966 1166 quam
987 1090 1014 1147 si
1029 1105 1068 1147 ex
1083 1087 1175 1148 altera
1254 1119 1255 1162 3

203 1179 289 1252 parte
304 1175 434 1233 cernatis
448 1181 556 1234 stratas
567 1171 772 1234 Cannensibus
783 1173 896 1250 campis
906 1171 1041 1249 legiones
1051 1178 1173 1232 vestras.
1254 1175 1255 1214 ³

163 1265 195 1314 16
206 1257 318 1315 intueri
332 1259 459 1333 potestis
472 1256 706 1318 sollicitudinem
718 1263 748 1316 et
762 1255 902 1316 lacrimas
916 1253 1110 1315 investibulo
1124 1273 1174 1316 cu-

204 1342 268 1400 riae
282 1341 426 1400 stantium
440 1349 634 1418 cognatorum
649 1347 821 1401 nostrorum
832 1341 1114 1419 expectantiumque
1128 1357 1175 1399 re·

204 1441 348 1502 sponsum
361 1430 505 1484 vestrum.
542 1443 612 1486 eum
634 1427 727 1503 iipro
748 1422 837 1483 nobis
855 1439 972 1502 proque
986 1424 1034 1492 iis,
1056 1425 1110 1501 qui
1124 1421 1175 1482 ab·

205 1513 284 1577 sunt,
303 1509 346 1566 ita
359 1512 500 1586 suspensi
513 1527 547 1568 ac
563 1508 686 1569 solliciti
700 1509 775 1575 siut,
795 1524 885 1585 quem
899 1508 1029 1567 censetis
1043 1509 1176 1566 animum

206 1592 342 1669 ipsorum
356 1608 432 1661 esse,
454 1610 583 1670 quorum
603 1595 635 1652 in
650 1591 824 1652 discrimine
839 1591 899 1649 rita
913 1589 1098 1670 libertasque
1115 1589 1175 1650 esti
1254 1647 1255 1666 ,

163 1681 194 1730 ιτ
208 1671 259 1732 sed
276 1675 316 1740 si,
338 1690 387 1732 me
402 1673 469 1733 dius
483 1675 587 1744 fidius,
609 1678 675 1753 ipse
689 1677 722 1734 in
736 1691 792 1734 nos
811 1675 895 1733 mitis
907 1672 1058 1734 Hannibal
1073 1680 1177 1734 contra

205 1761 341 1815 naturam
370 1772 454 1815 suam
479 1776 545 1817 esse
571 1757 658 1826 velit,
688 1757 765 1818 nihil
790 1764 891 1818 tamen
911 1754 999 1817 nobis
1018 1759 1079 1818 rita
1102 1775 1177 1836 opus

207 1855 275 1897 esse
290 1853 475 1909 censeamus,
492 1858 561 1901 eum
576 1842 693 1918 indigni
707 1848 742 1900 ut
755 1840 975 1901 redimeremur
989 1859 1006 1899 a
1019 1839 1106 1900 robis
1121 1843 1176 1900 visi

164 1931 196 1980 18
208 1923 312 1981 simus.
329 1939 332 1946 ·
347 1921 466 1983 rediere
486 1924 612 1985 Romam
631 1923 781 2004 quondam
799 1926 919 1984 remissi
940 1941 957 1982 a
976 1923 1092 2002 Pyrrho
1113 1927 1176 1984 sine

205 2006 303 2085 pretio
318 2007 413 2084 capti;
430 2009 482 2069 sed
493 2008 611 2069 rediere
627 2025 695 2068 cum
707 2007 822 2085 legatis,
838 2007 1023 2086 primoribus
1036 2009 1175 2077 civitatis,

206 2089 243 2149 ad
265 2086 455 2150 redimendos
475 2111 540 2154 sese
560 2092 670 2153 missis.
700 2091 821 2151 redeam
841 2109 897 2169 ego
916 2093 949 2151 in
968 2093 1097 2169 patriam
1117 2099 1176 2152 tre·
1254 2133 1255 2152 2

164 2183 196 2232 19
208 2173 305 2233 centis
312 2176 441 2233 nummis
450 2193 511 2235 non
521 2180 693 2236 aestimatus
702 2175 794 2235 cirisi
808 2192 896 2234 suum
908 2177 1034 2253 quisque
1044 2177 1176 2236 animum

204 2256 307 2324 babet,
334 2263 436 2335 patres
457 2263 630 2338 conscripti.
665 2261 728 2320 scio
748 2260 781 2318 in
802 2257 975 2318 discrimine
1001 2275 1067 2318 esse
1087 2261 1176 2319 utam

201 2357 374 2418 corpusque
388 2358 503 2412 meum;
519 2345 614 2421 magis
625 2361 673 2403 me
686 2344 782 2402 lamae
792 2341 962 2421 periculum
973 2348 1089 2412 moret,
1112 2360 1176 2403 nea
1254 2415 1255 2424 ἵ

205 2421 291 2484 vobis
305 2421 436 2485 damnati
452 2445 486 2487 ao
501 2427 616 2506 repulsi
631 2426 786 2487 abeamus:
803 2443 901 2506 neque
917 2427 997 2486 enim
1011 2443 1064 2487 vos
1079 2429 1175 2505 pretio

206 2507 380 2586 pepercisse
395 2507 532 2572 homines
547 2511 682 2571 credent.
1254 2571 1255 2574 ,

179 2600 193 2647 t
267 2588 327 2650 Lx.
350 2589 408 2653 Ubi
428 2596 455 2654 is
475 2595 566 2655 finem
587 2595 676 2663 lecit,
700 2592 848 2671 extemplo
864 2591 902 2654 ab
918 2610 952 2652 ea
973 2590 1078 2662 turba,
1102 2611 1174 2673 quae

206 2677 237 2734 in
252 2675 375 2734 comitio
391 2683 469 2746 erat,
487 2678 599 2739 clamor
614 2677 725 2738 ssebilis
741 2684 786 2737 est
802 2674 946 2744 sublatus,
962 2694 1127 2756 manusque
1142 2676 1175 2736 ad
1254 2715 1255 2726 ,

111 2813 117 2822 ,
206 2758 322 2816 curiam
337 2759 502 2822 tendebant
517 2769 652 2830 orantes,
675 2767 710 2822 ut
730 2759 791 2821 sibi
810 2759 924 2820 liberos
944 2761 1054 2820 fratres
1068 2777 1172 2838 cogna·
1254 2761 1255 2788 ³

175 2845 253 2898 atos
273 2837 442 2901 redderent.
486 2845 613 2904 feminas
639 2862 755 2924 quoque
781 2852 878 2904 metus
903 2861 938 2904 ac
958 2847 1121 2904 necessitas
1145 2847 1174 2904 in

206 2921 272 2982 loro
287 2920 395 2982 turbae
409 2926 543 2985 virorum
563 2929 769 2987 inmiscuerat.
799 2932 919 2987 senatus
934 2925 1081 2987 submotis
1097 2927 1172 2988 arbi·

174 3006 262 3066 atris
277 3005 394 3066 consuli
409 3016 543 3087 coeptus.
574 3007 618 3070 ibi
634 3027 702 3069 cum
717 3012 875 3070 sententiis
889 3004 1065 3080 variaretur,
1082 3012 1173 3072 etalii
1254 3045 1255 3048 =

206 3087 397 3152 redimendos
412 3091 448 3152 de
464 3092 597 3171 publico,
619 3091 671 3155 alii
685 3093 799 3154 nullam
819 3093 942 3172 publice
962 3097 1117 3173 inpensam
1132 3097 1171 3156 la·

175 3171 343 3233 tcieudam
365 3193 421 3236 nec
447 3177 652 3254 prohibendos
678 3196 715 3238 er
734 3179 851 3257 privato
874 3176 999 3248 redimi,
1022 3178 1172 3257 siquibus
1254 3205 1255 3208 ¹

208 3264 364 3334 argentum
385 3259 417 3318 in
432 3264 601 3338 praesentia
616 3260 747 3330 deesset,
763 3259 888 3320 dandam
904 3279 940 3320 ex
955 3263 1071 3321 aerario
1086 3280 1171 3341 pecu·

185 3351 186 3354 ’
208 3341 287 3399 niam
302 3346 435 3402 mutuam
451 3343 672 3423 praedibusque
694 3363 727 3404 ac
742 3343 875 3422 praediis
890 3343 1052 3405 cavendum
1067 3344 1172 3423 populo

179 3427 382 3489 ocenserent.
404 3432 468 3484 tum
490 3427 522 3487 Τ.
544 3427 671 3488 Manlius
688 3429 871 3505 Torquatus,
894 3429 1012 3507 priscae
1032 3445 1067 3487 ac
1089 3427 1173 3488 nimls
