2538 3946
174 186 235 248 170
407 196 501 239 urana
513 197 544 238 x.
561 195 631 238 oar.
645 182 689 237 21.
706 170 745 255 [a.
761 194 792 240 u.
807 194 833 234 c.
851 171 913 256 458]

144 349 285 410 ellomae
300 342 492 424 praebuerat;
516 349 548 403 et
560 360 614 421 per
628 359 678 402 eos
699 340 776 400 forte
792 339 854 400 dies
869 357 906 399 ex
919 338 1037 400 Etruria
1052 339 1143 402 adla-

174 439 237 494 tum
260 437 322 490 erat
350 435 417 507 post
442 426 600 487 deductum
630 425 699 485 inde
721 424 947 484 Volumnianum
970 425 1140 488 exercitum
1179 489 1184 494 ,

175 516 323 577 Etruriam
338 513 483 572 concitam
500 512 532 570 in
547 528 628 569 arma
642 517 672 568 et
687 507 812 570 Gellium
830 507 1002 583 Egnatium,
1017 507 1137 568 Samni-

175 601 248 660 tium
262 599 382 665 ducem,
406 603 436 654 et
449 593 575 655 Umbros
590 593 625 652 ad
643 593 839 652 delectionem
852 591 965 660 vocari,
991 597 1020 650 et
1034 588 1136 652 Gallos

146 690 163 743 3
173 684 269 761 pretio
293 679 411 758 ingenti
429 677 588 752 sollicitari.
624 676 671 736 bis
692 677 802 735 nuntiis
819 681 938 734 senatus
954 675 1136 735 conterritus

174 767 318 826 iustitium
332 763 437 832 indici,
460 759 599 821 dilectum
618 761 713 819 omnis
728 760 846 837 generis
863 757 1015 821 hominum
1030 755 1136 818 baberi
1153 797 1156 801 -

146 851 267 924 siussit.
298 865 354 906 nec
374 845 494 922 ingenui
510 844 597 904 modo
613 849 663 903 aut
684 843 814 916 iuniores
829 841 1012 913 sacramento
1028 840 1133 910 adacti,

176 933 227 993 sed
242 933 391 991 seniorum
408 929 496 987 etiam
508 925 644 987 cohortes
660 926 752 998 iactae
768 924 955 1004 libertinique
968 925 1135 998 centuriati.

177 1023 206 1074 et
233 1011 434 1076 detendendae
459 1010 543 1071 urbis
571 1009 691 1069 consilia
717 1008 916 1086 agitabantur,
944 1025 1136 1086 summaeque

144 1107 163 1158 t
176 1115 276 1157 rerum
297 1101 418 1173 praetor
434 1095 468 1156 P.
488 1094 680 1172 Sempronius
702 1099 846 1171 praeerat.
897 1099 1029 1152 ceterum
1050 1097 1136 1171 parte

176 1198 267 1242 curae
282 1184 479 1239 exonerarunt
494 1186 626 1238 senatum
642 1178 674 1237 L.
692 1176 839 1237 Volumnii
859 1174 987 1236 consulis
1009 1174 1135 1245 litterae,

104 1315 108 1320 .
177 1263 283 1343 quibus
295 1279 396 1323 caesos
417 1263 555 1340 fusosque
576 1261 765 1341 populatores
786 1260 962 1338 Campaniae
985 1259 1137 1335 cognitum

146 1355 231 1407 dest.
260 1347 358 1425 itaque
371 1353 400 1406 et
415 1345 643 1425 supplicationes
654 1345 692 1406 ob
707 1363 771 1405 rem
786 1343 864 1404 bene
880 1350 992 1421 gestam
1007 1341 1137 1402 consulis

178 1431 298 1491 nomine
322 1430 501 1498 decernunt,
530 1437 559 1489 et
580 1431 722 1490 iustitium
744 1428 918 1498 remittitur,
943 1425 1022 1505 quod
1040 1425 1139 1487 iuerat

149 1514 241 1574 'ldies
256 1527 360 1582 xvlll,
375 1511 607 1590 supplicatioque
621 1511 752 1591 perlaeta
765 1511 829 1570 suit.
862 1517 924 1570 tum
936 1509 972 1569 de
988 1508 1137 1588 praesidio

176 1598 306 1674 regionis
323 1594 516 1673 depopulatae
530 1595 566 1655 ab
583 1595 763 1655 Samnitibus
778 1595 882 1672 agitari
897 1601 1044 1671 coeptum.
1081 1593 1137 1652 ita-

177 1699 235 1758 que
250 1678 373 1756 placuit,
391 1685 425 1737 ut
438 1678 513 1738 duae
528 1677 659 1738 coloniae
673 1681 752 1737 circa
762 1677 919 1738 Vescinum
934 1684 964 1736 et
978 1673 1138 1736 Falernum

109 1805 111 1808 -
150 1769 283 1840 sagrum
295 1760 524 1827 deducerentur,
537 1779 596 1820 una
608 1761 643 1820 ad
656 1762 761 1820 ostium
774 1760 851 1821 Liris
862 1760 957 1830 fluvii,
969 1777 1044 1838 quae
1054 1759 1138 1820 blen-

178 1852 284 1904 turnae
307 1842 468 1922 appellata,
490 1842 581 1915 altera
602 1845 633 1904 iu
657 1843 732 1904 saltu
744 1845 869 1903 Vescino
887 1842 1046 1904 Falernum
1065 1861 1138 1903 con·

178 1929 311 2005 tingente
331 1945 450 2004 agrum,
475 1926 527 1987 ubi
548 1928 657 2006 Sinope
684 1927 790 1988 dicitur
812 1927 923 1987 Graeca
937 1925 1008 1987 urbs
1036 1926 1138 1996 luisse,

148 2013 316 2073 sSiuuessa
336 2009 443 2070 deinde
462 2008 500 2071 ab
523 2008 635 2071 colonis
657 2011 797 2070 Romanis
818 2009 972 2088 appellata.
1010 2008 1140 2070 tribunis

178 2093 273 2173 plebis
294 2095 443 2170 negotium
467 2092 566 2154 datum
588 2101 646 2164 est,
670 2101 703 2154 ut
722 2092 912 2172 plebeiscito
932 2091 1085 2152 iuberetur
1104 2093 1138 2154 P.

180 2177 372 2255 Sempronius
386 2184 505 2256 praetor
520 2177 686 2238 triumviros
699 2178 730 2236 in
744 2195 779 2237 ea
792 2175 858 2236 loca
870 2175 980 2237 colonis
992 2175 1139 2236 deducen-

137 2267 171 2320 to
182 2261 227 2321 dis
242 2277 355 2322 creare.
394 2277 449 2320 neo
466 2262 516 2339 qui
539 2262 658 2322 nomina
673 2259 778 2324 darent
798 2259 884 2322 iacile
903 2258 1138 2329 inveniebantur,

179 2345 247 2423 quia
266 2346 299 2404 in
319 2344 475 2404 stationem
490 2361 522 2405 se
543 2361 635 2422 prope
656 2351 830 2423 perpetuam
850 2344 975 2405 infestae
996 2343 1138 2421 regionis,

178 2444 240 2487 non
253 2428 286 2486 in
300 2445 386 2504 agros
400 2429 476 2488 mitti
489 2425 641 2487 rebantur.

138 2517 168 2570 11
244 2510 357 2572 Avertit
379 2509 416 2570 ab
441 2511 483 2570 eis
509 2511 588 2570 curis
613 2516 747 2571 senatum
772 2509 907 2570 Etruriae
933 2511 1140 2588 ingravescens

179 2592 290 2654 bellum
311 2599 340 2652 et
365 2591 488 2653 crebrae
512 2592 626 2654 litterae
645 2594 731 2671 Appii
754 2595 917 2664 monentis,
944 2612 983 2654 ue
1007 2595 1139 2672 regionis

136 2685 171 2737 12
183 2679 245 2737 eius
259 2683 371 2737 motum
386 2675 591 2755 neglegerent:
614 2684 751 2757 quattuor
772 2686 875 2755 gentes
888 2677 1026 2738 conferre
1047 2696 1138 2748 arma,

181 2759 320 2818 Etruscos
340 2760 486 2820 Samnites
507 2760 634 2821 Umbros
655 2760 768 2830 Gallum
795 2762 853 2821 iam
881 2770 977 2822 castra
1003 2760 1139 2821 bilariam

106 2896 109 2903 ,
182 2840 259 2901 iacta
280 2859 359 2910 esse,
380 2844 448 2921 quia
465 2861 542 2903 unus
564 2844 647 2904 locus
666 2862 772 2921 rapere
792 2851 902 2904 tantam
922 2843 1139 2905 multitudinem

50 2960 53 2964 -
138 2930 170 2984 te
185 2942 243 2984 non
260 2925 361 3002 possit.
391 2922 428 2983 ob
443 2925 517 2985 baec
531 2927 680 2986 et-iam
694 2926 851 3005 adpetebat
864 2936 1034 3006 tempus-
1048 2927 1139 2988 comi·

181 3011 290 3069 tiorum
309 3013 396 3068 causa
415 3006 447 3070 L.
463 3006 635 3069 Volumnius
648 3009 750 3069 consul
766 3010 889 3070 Romam
903 3019 1069 3080 revocatus,
1089 3010 1140 3089 qui

180 3093 350 3171 priusquam
362 3091 399 3152 ad
410 3091 579 3169 suffragium
587 3095 859 3154 centuriasrocaret
869 3097 900 3154 in
912 3097 1078 3155 contionem
1087 3092 1138 3153 ad-

182 3184 283 3236 vocato
297 3175 405 3254 populo
416 3175 507 3238 multa
518 3175 555 3236 de
567 3177 767 3255 magnitudine
778 3177 847 3238 belli
858 3179 974 3238 Etrusci
985 3178 1137 3238 disseruit:

140 3265 173 3317 14
183 3261 241 3320 iam
255 3267 333 3331 tum,
355 3277 422 3320 cum
442 3260 505 3338 ipse
525 3259 566 3320 ibi
582 3279 649 3322 cum
665 3260 777 3338 collega
794 3279 859 3323 rem
872 3263 984 3340 pariter
1006 3261 1137 3338 gesserit,

181 3342 271 3402 luisse
282 3351 395 3404 tantum
412 3342 536 3414 bellum,
557 3351 591 3404 ut
610 3363 666 3405 nec
681 3343 755 3405 duce
773 3363 832 3406 uno
855 3363 911 3405 nec
922 3347 1054 3405 exercitu
1075 3344 1140 3421 geri

181 3427 311 3504 potuerit
316 3449 325 3500 3
341 3429 499 3488 accessisse
514 3436 617 3510 postea
630 3428 688 3490 diei
704 3427 830 3489 Umbros
846 3435 877 3488 et
889 3429 1039 3506 ingentem
1054 3445 1138 3489 exer·
