2546 3936
214 190 276 254 10⁰
401 201 495 245 amsa
508 201 552 246 ιι.
568 199 636 245 ιιι».
652 184 696 242 ιι.
712 186 755 238 ra.
770 176 811 260 [a.
826 202 857 242 u.
873 201 900 242 e.
914 175 980 262 ιιι]

185 353 294 422 enuit:
309 350 360 412 lux
372 368 488 430 pugnae
510 350 627 410 initium
648 347 718 418 luit,
742 364 832 426 quam
845 344 1024 424 aliquamdiu
1038 364 1176 426 aequam,

215 445 245 498 et
258 436 326 515 quia
340 454 395 514 pro
411 436 469 495 aris
484 452 519 495 ae
533 433 606 493 iocis
621 430 829 500 dimicabatur,
846 437 876 488 et
889 432 957 508 quia
969 448 1005 491 ex
1018 432 1105 490 tectis
1121 430 1176 492 ad-

214 519 331 581 iuvabat
343 517 458 579 inbellis
473 516 643 586 multitudo,
659 523 758 576 tamen
773 512 940 592 Fregellani
957 516 1176 577 sustinuerunt.

186 604 296 664 tiraus
311 601 418 664 deinde
428 621 493 662 rem
507 600 671 668 inelinavit,
689 599 768 679 quod
779 616 882 658 rocem
903 597 999 658 audiri
1016 601 1177 677 praeconis

213 687 294 767 passi
308 693 377 748 sunt
392 685 570 746 ineolumem
594 683 759 754 abiturum,
780 684 831 762 qui
854 699 936 741 arma
949 683 1105 760 posuisset
1140 701 1177 744 ea

214 790 282 850 spes
303 771 417 831 remisit
437 787 454 830 a
474 769 635 830 certamine
652 767 779 836 animos,
799 773 829 826 et
842 767 952 843 passim
973 784 1053 826 arma
1071 767 1178 827 iactari

185 859 327 952 decepta.
356 854 537 932 pertinacior
546 869 616 931 pars
632 858 743 910 armata
758 868 813 929 per
828 867 960 910 aversam
974 857 1090 929 portam
1106 869 1176 911 eru·

213 940 258 1018 pit
270 939 421 1016 tutiorque
436 937 478 996 eis
490 934 611 996 audacia
625 934 680 995 luit
691 952 779 1013 quarn
793 936 930 994 incautus
943 934 980 994 ad
992 933 1177 996 credendum

214 1023 321 1082 ceteris
341 1037 447 1100 pavor,
473 1037 547 1098 quos
573 1014 770 1079 circumdatos
797 1017 874 1096 igni,
903 1018 1081 1097 nequiquam
1102 1017 1176 1080 deos

213 1103 362 1184 iidemque
377 1104 559 1174 invocantes,
576 1104 721 1164 Samnites
737 1110 1010 1162 concremaverunt

183 1192 202 1244 ιι
275 1186 417 1249 Consules
431 1188 510 1248 inter
525 1205 557 1247 se
572 1187 674 1265 partiti
695 1186 876 1264 provincias,
898 1185 1056 1263 Papirius
1047 1203 1080 1246 ιιι
1093 1186 1175 1266 dpu-

212 1270 282 1332 liam
297 1272 334 1332 ad
355 1271 508 1332 Luceriam
525 1273 636 1350 pergit,
656 1268 709 1331 uhi
728 1271 840 1348 equites
857 1267 983 1329 Romani
1004 1268 1122 1330 obsides
1136 1267 1176 1331 ad

213 1354 355 1416 Caudium
370 1354 429 1415 dati
441 1353 695 1423 custodiebantur,
711 1353 855 1415 Publilius
865 1354 897 1412 in
913 1353 1033 1414 Samnio
1044 1352 1176 1414 substitit

172 1444 204 1497 10
214 1440 353 1500 adversus
366 1437 511 1500 Caudinas
535 1437 675 1516 legiones.
715 1437 855 1498 distendit
878 1455 913 1498 ea
934 1455 983 1498 res
998 1437 1174 1498 Samnitium

212 1525 341 1593 animos,
360 1522 438 1601 qued
454 1539 510 1581 nee
530 1521 568 1582 ad
581 1521 737 1582 Luceriam
755 1522 815 1590 ire,
839 1538 877 1581 ne
900 1519 937 1581 ab
950 1528 1035 1598 tergo
1049 1520 1175 1582 instaret

211 1606 321 1675 bostis,
337 1623 393 1665 nee
408 1622 544 1674 manere,
560 1621 598 1664 ne
614 1605 737 1665 Luceria
753 1605 871 1664 interim
885 1605 1085 1674 amitteretur,
1102 1605 1173 1666 satis

175 1693 201 1748 .1
212 1687 368 1750 audebant.
397 1689 540 1766 optimum
550 1687 644 1748 visum
660 1695 704 1746 est
718 1689 902 1748 committere
916 1705 981 1748 rem
994 1687 1131 1748 fortunae
1143 1699 1174 1748 et

211 1772 376 1847 transigere
390 1787 457 1830 eum
474 1768 598 1832 Publilio
611 1777 770 1832 certamen.
799 1773 900 1850 itaque
914 1772 946 1830 in
963 1772 1056 1832 aciem
1071 1772 1172 1851 copias

103 1922 107 1930 .
183 1853 349 1915 leducunt
392 1853 467 1916 Xlll.
500 1854 647 1915 Adversus
670 1872 743 1934 quos
758 1854 899 1915 Publilius
920 1853 1025 1915 consul
1041 1873 1109 1916 eum
1127 1854 1172 1916 dl·

210 1937 370 1998 mrcaturus
381 1943 471 2006 esset
487 1955 570 2017 prius
581 1937 781 2017 adloquendos
792 1937 900 1998 mrlrtes
911 1945 992 1999 ratus
1000 1939 1173 2001 conuouem

210 2020 346 2082 advocari
369 2021 462 2082 iussit.
497 2030 629 2082 ceterum
649 2022 725 2082 sieut
738 2023 850 2098 ingenti
867 2021 1016 2082 alacritate
1034 2015 1070 2082 ad
1085 2040 1171 2101 prae·

210 2106 320 2164 terium
337 2121 514 2181 coneursum
537 2111 595 2176 est,
613 2107 653 2165 ita
677 2122 749 2184 prae
767 2104 895 2166 elamore
916 2105 1111 2203 poscentium·
1116 2125 1172 2184 pu·

182 2195 297 2264 egnum
312 2185 390 2248 nulla
406 2177 578 2250 adhortatio
575 2189 774 2287 imperatoris
791 2188 888 2249 audita
903 2196 962 2250 est:
979 2207 1049 2250 suus
1065 2189 1172 2288 cuique

209 2273 325 2332 animus
343 2289 459 2332 memor
472 2273 650 2350 ignominiae
668 2271 840 2332 adhortator
852 2271 964 2334 aderat
994 2273 1124 2333 vadunt
1116 2274 1171 2349 rgi-

208 2355 304 2415 turm
318 2354 464 2434 proelium
481 2363 621 2433 urgentes
639 2356 824 2433 signiferos,
837 2363 881 2426 et,
903 2373 942 2416 ne
955 2375 1038 2416 mora
1053 2357 1084 2416 in
1099 2374 1171 2416 eon·
1259 2363 1260 2402 3

209 2455 299 2499 eursu
319 2437 421 2518 pilis
410 2439 578 2500 emittendis
600 2439 838 2518 stringendisque
859 2438 945 2501 inde
958 2439 1062 2517 gladiis
1083 2447 1170 2510 esset,

190 2520 266 2600 pila
295 2520 374 2584 velut
398 2521 466 2583 dato
492 2521 529 2584 ad
554 2522 583 2583 id
609 2523 692 2600 signo
719 2521 850 2582 abiciunt
874 2523 1041 2603 strictisque
1066 2521 1172 2600 gladiis

179 2606 324 2666 dcursu
315 2622 348 2665 m
368 2605 483 2666 hostem
503 2605 649 2666 feruntur.
686 2605 760 2665 nillil
782 2605 843 2666 illie
871 2607 1079 2686 imperatoriae
1100 2608 1171 2668 artis

208 2688 362 2748 ordinibus
381 2697 432 2749 aut
452 2688 592 2750 subsidiis
614 2689 746 2752 locandis
760 2690 830 2761 luit;
857 2691 955 2750 omnia
969 2691 1013 2750 ira
1034 2689 1171 2752 militaris
1198 2685 1206 2694 ’

178 2779 300 2849 tprope
322 2789 429 2831 vesano
448 2774 561 2851 impetu
582 2775 650 2850 egit.
681 2773 781 2850 itaque
804 2791 864 2833 non
884 2773 940 2833 iusi
960 2774 1048 2834 modo
1070 2773 1170 2835 hostes

207 2858 290 2920 sunt,
306 2852 358 2912 sed
372 2871 411 2913 ne
423 2857 526 2914 eastris
541 2856 661 2934 quidem
674 2856 736 2916 suis
752 2856 852 2933 lugam
865 2856 1017 2935 inpedire
1016 2873 1079 2918 ausr
1070 2857 1169 2955 App·

209 2934 280 2996 liam
296 2933 428 3014 dissipati
444 2938 573 3016 petiere;
595 2938 748 2998 Luceriam
770 2946 869 2999 tamen
890 2949 991 3001 coacto
1016 2957 1120 3002 rursus
1137 2941 1168 3001 iu

177 3031 299 3084 bunum
316 3020 434 3096 agmine
449 3028 494 3081 est
512 3027 695 3100 perventum.
732 3021 903 3083 Romanos
895 3039 939 3084 rra
956 3023 1074 3092 eadem,
1091 3041 1167 3102 quae
1259 3055 1260 3058 ι

205 3121 270 3184 per
282 3100 411 3164 mediam
431 3104 525 3165 aciem
545 3105 673 3166 hostium
690 3104 811 3174 tulerat,
830 3106 882 3165 et
874 3123 905 3166 ιιι
921 3115 1017 3167 eastra
1034 3107 1165 3185 pertulit

204 3187 246 3248 ibi
260 3187 327 3266 plus
341 3206 427 3288 quarn
439 3189 472 3249 in
484 3188 546 3250 scie
559 3190 710 3268 sanguinis
721 3207 756 3250 ae
772 3188 870 3250 caedis
882 3189 1008 3262 factum,
1023 3190 1166 3270 praedae·

204 3289 262 3350 que
277 3288 346 3350 pars
359 3273 453 3334 malon
466 3274 511 3335 ira
528 3281 676 3353 corrupta.

175 3359 194 3412 e
267 3354 420 3416 Exercitus
443 3355 518 3417 alter
534 3375 602 3417 eum
624 3357 742 3435 Papirio
767 3355 887 3434 consule
908 3355 983 3419 locis
1004 3357 1161 3418 maritimis

204 3445 380 3514 pervenerat
391 3441 486 3518 Arpos
503 3441 670 3518 peremnia
691 3449 795 3518 pacata
810 3441 986 3502 Samnitium
1004 3442 1099 3520 magis
1113 3441 1160 3525 in·
