2532 3938
182 199 223 260 22
323 213 417 256 crans
432 213 487 256 vn.
504 213 572 256 cae.
589 201 631 259 21.
649 203 693 252 22.
710 194 993 279 [amattheus]

608 309 617 338 l
1264 327 1265 336 t

182 362 301 424 comitia
314 360 432 432 baberi,
449 363 480 422 ni
496 362 659 424 secundum
674 364 817 425 Liciniam
833 363 929 444 legem
945 363 1138 436 haberentur,
1229 381 1231 384 ·
1264 395 1265 444 p

182 447 325 508 dictatore
340 445 486 507 obstinato
502 446 606 509 tollere
624 449 721 527 potius
742 455 865 510 totume
885 447 1050 528 republica
1067 467 1138 509 con·

150 541 166 588 2
181 529 307 592 sulatum
323 548 412 610 quam
425 533 606 610 promiscum
627 531 761 610 patribus
780 551 815 592 ac
832 532 911 613 plebi
932 534 1039 594 lacere.
1068 551 1138 611 pro·

181 613 306 674 latandis
323 614 412 692 igitur
439 616 566 674 comitiis
586 633 654 675 cunr
676 615 800 676 dictator
826 618 997 694 magistratu
1019 615 1137 686 abisset,

181 715 230 759 res
245 697 281 757 ad
297 699 499 776 interregnum
515 697 611 759 rediit.
644 699 780 760 intestam
796 700 865 760 inde
876 698 1009 779 patribus
1019 698 1139 777 plebem

180 783 345 860 interreges
369 799 436 842 curn
460 783 662 860 accepissent,
684 782 720 843 ad
741 783 930 844 undecimum
958 785 1138 861 interregem

149 872 166 924 3
181 864 373 926 seditionibus
388 871 531 925 certatum
547 873 600 926 est.
640 865 714 944 legis
729 867 858 927 Liciniae
875 866 1070 944 patrocinium
1084 868 1139 927 tri·

180 949 254 1009 huni
268 948 431 1016 iactabant:
447 949 569 1028 propior
584 948 669 1012 dolor
684 949 764 1030 plebi
783 950 913 1010 iacnoris
930 952 1138 1028 ingravescen-

182 1035 220 1092 tis
235 1039 313 1101 erat,
328 1049 476 1112 curaeque
489 1035 618 1110 privatae
633 1036 664 1094 in
679 1033 890 1094 certaminibus
903 1033 1029 1112 publicis
1039 1051 1138 1095 erum·

148 1114 299 1195 spebant.
340 1133 466 1194 quorum
490 1116 587 1177 taedio
606 1125 705 1198 patres
723 1119 755 1178 L.
781 1116 949 1179 Cornelium
969 1117 1139 1196 Scipionem

180 1201 360 1277 interregem
383 1200 559 1261 concordiae
580 1219 668 1262 causa
692 1201 849 1263 observare
876 1201 971 1280 legem
996 1201 1138 1262 Liciniam

181 1284 306 1344 comitiis
323 1283 526 1345 consularibus
541 1287 663 1347 iussere.
693 1287 726 1347 P.
740 1285 856 1346 Valerio
871 1285 1039 1346 Publicolae
1054 1285 1139 1345 datus

148 1373 196 1428 oe
217 1366 305 1446 plebe
333 1366 444 1446 collega
465 1369 496 1430 t.
521 1370 647 1432 Marcius
667 1370 792 1431 Rutilus.
828 1368 976 1430 inclinatis
996 1367 1088 1429 semel
1107 1370 1139 1429 in

181 1450 370 1512 concordiam
385 1453 490 1513 animis
507 1456 574 1514 novi
588 1452 725 1515 consules
741 1453 912 1514 faenebrem
930 1471 1047 1534 quoque
1063 1469 1137 1523 rem,

180 1554 256 1616 quae
271 1535 412 1596 distinere
427 1555 486 1597 una
502 1539 615 1598 animos
637 1537 805 1606 vldebatur,
827 1537 924 1598 levare
943 1538 1076 1615 adgressi
1091 1555 1140 1597 so·

180 1619 323 1680 lotionem
340 1617 428 1679 alieni
443 1621 520 1680 aeris
536 1622 567 1680 in
588 1621 736 1698 publicam
757 1637 859 1681 curam
878 1624 1032 1682 verterunt
1052 1622 1138 1699 quin·

181 1702 308 1780 queriris
320 1703 440 1772 creatis,
456 1721 530 1780 quos
541 1705 705 1765 mensarios
715 1703 751 1762 ab
763 1702 982 1781 dispensatione
994 1705 1139 1783 pecuniae

147 1792 165 1844 d
180 1784 373 1865 appellarunt.
394 1787 493 1846 meriti
505 1789 650 1865 aequitate
661 1803 790 1863 curaque
804 1793 881 1856 sunt,
897 1795 930 1846 ut
940 1805 995 1864 per
1006 1789 1138 1848 omnium

180 1867 329 1929 annalium
352 1877 543 1930 monumenta
565 1869 698 1930 celebres
718 1868 887 1930 nominibus
906 1879 1013 1931 essent.
1055 1871 1139 1930 luere

102 1958 123 2030 J
181 1959 279 2012 autem
297 1951 327 2012 C.
344 1951 474 2012 Duellius
492 1953 525 2013 P.
541 1953 646 2014 Decius
659 1954 724 2014 Mus
737 1953 775 2013 M.
791 1954 926 2033 Papirius
942 1953 977 2024 Q.
995 1951 1140 2014 Publilius

148 2045 164 2094 7
181 2044 210 2096 ct
224 2037 257 2096 Τ.
273 2034 430 2103 Aemilium
455 2037 506 2114 qui
526 2054 590 2096 rem
606 2036 807 2097 difficillimam
821 2043 948 2097 tractatu
963 2043 993 2097 et
1006 2035 1138 2114 plerum·

180 2136 237 2197 que
256 2120 333 2196 parti
353 2119 487 2197 utrique,
511 2138 628 2200 semper
649 2128 730 2181 certe
752 2119 837 2180 alteri
859 2137 976 2200 gravem
1000 2136 1068 2180 cunr
1082 2117 1139 2180 alia

179 2201 383 2264 moderatione
401 2209 465 2264 tum
485 2205 625 2282 inpendio
645 2205 739 2284 magis
768 2203 886 2285 publico
913 2221 1001 2284 quarn
1025 2204 1139 2262 iactura

149 2288 391 2350 osustinuerunt.
430 2287 513 2348 tarda
534 2291 613 2350 enim
635 2290 755 2350 nomina
774 2295 804 2349 et
832 2289 1009 2369 inpeditiora
1029 2287 1139 2347 inertia

180 2369 347 2432 debitorum
367 2389 454 2450 quam
480 2372 667 2434 facultatibus
689 2379 739 2433 aut
761 2375 908 2434 aerarium
938 2373 1050 2432 mensis
1071 2388 1138 2431 cum

180 2472 249 2515 aere
263 2456 294 2514 in
309 2454 374 2514 loro
394 2457 497 2535 positis
518 2456 663 2527 dissolvit,
688 2463 722 2517 ut
741 2457 850 2537 populo
870 2459 953 2537 prius
974 2462 1138 2523 careretur,

179 2544 230 2598 aut
241 2540 404 2600 aestimatio
420 2541 521 2619 aequis
536 2559 636 2601 rerum
647 2541 750 2620 pretiis
763 2538 911 2610 liberarit,
927 2547 1035 2600 utnon
1049 2537 1138 2600 modo

179 2624 244 2682 sine
259 2624 381 2694 iniuria,
403 2625 558 2685 sedetiam
577 2626 640 2685 sine
661 2625 852 2703 querimoniis
869 2625 962 2704 partis
983 2624 1138 2702 utriusque

181 2706 321 2766 exhausta
339 2708 380 2767 vis
394 2709 499 2786 ingens
513 2709 590 2769 aeris
607 2707 695 2768 alieni
708 2709 755 2768 sit.
786 2755 790 2762 .

148 2795 165 2846 9
242 2789 353 2850 Terror
368 2790 438 2850 inde
452 2809 544 2853 vanus
556 2791 628 2852 belli
644 2791 775 2861 Etrusci,
792 2807 859 2850 cum
876 2792 1047 2852 coniurasse
1065 2790 1138 2850 duo-

179 2871 277 2932 decim
293 2872 418 2950 populos
434 2874 618 2945 temerasset,
635 2876 809 2936 dictatorern
825 2874 883 2934 dici
900 2878 1006 2954 coegit.
1042 2874 1138 2934 dictus

179 2957 322 3016 incastris
334 2989 375 3001 -
389 2975 424 3017 eo
436 2958 514 3018 enim
521 2958 556 3018 ad
566 2958 702 3020 consules
710 2961 833 3019 missum
845 2957 1138 3020 senatusconsultum

181 3047 226 3101 est
243 3073 282 3086 -
303 3039 334 3100 t.
345 3038 450 3112 lulius,
463 3059 464 3064 ¹
475 3043 522 3101 cui
542 3044 681 3121 magister
698 3044 828 3122 equitum
845 3043 976 3103 adiectus
992 3044 1024 3103 L.
1040 3043 1138 3104 demi·

150 3124 246 3185 llius.
276 3131 407 3187 ceterum
419 3124 491 3185 ioris
510 3125 665 3206 tranquilla
679 3128 777 3187 omnia
794 3127 886 3188 luere.
930 3127 1018 3188 XXll.
1049 3124 1137 3186 Tem·

179 3216 292 3290 ptatum
313 3209 392 3270 domi
414 3226 468 3289 per
489 3208 676 3282 dictatorem,
697 3217 730 3272 ut
751 3210 837 3271 ambo
858 3212 975 3291 patricii
1000 3209 1138 3271 consules

149 3301 166 3349 2
179 3301 366 3363 crearentur,
382 3312 445 3354 rem
459 3293 495 3354 ad
509 3296 712 3374 interregnum
723 3294 869 3373 perduxit.
900 3295 957 3356 duo
972 3297 1138 3370 interreges

181 3375 213 3436 C.
233 3374 380 3454 Sulpicius
392 3385 423 3438 et
435 3377 472 3437 ll.
489 3377 597 3440 Fabius
614 3380 780 3459 interpositi
797 3379 964 3448 obtinuere,
981 3377 1059 3458 quod
1076 3376 1138 3437 dic·

181 3463 258 3518 tator
285 3458 392 3520 trustra
421 3461 597 3530 tetenderat,
629 3464 747 3523 mitiore
771 3463 829 3522 iarn
854 3459 941 3541 plebe
968 3461 1006 3522 ob
1032 3476 1139 3522 recens
