2532 3938
195 188 237 249 40
370 201 463 240 nmnn
479 201 533 241 vn.
551 199 622 241 oar.
636 187 679 239 36.
697 187 740 238 37.
759 177 799 259 [a.
816 203 847 241 u.
864 202 889 242 c.
905 179 966 263 411]

155 346 327 409 lotionibus
345 349 473 424 capiunt.
509 348 657 426 perfertur
675 349 752 407 circa
769 345 874 407 collem
889 345 999 406 clamor
1013 349 1154 429 fugatque

196 450 232 492 ex
247 432 308 490 suis
323 449 468 510 quemque
485 431 648 510 praesidiis.
680 432 720 490 ita
735 449 840 508 magna
862 447 931 509 pars
945 430 1058 492 absenti
1073 434 1152 496 hosti
1254 487 1255 504 2

196 515 298 583 eessit;
318 531 391 592 quos
406 515 485 575 intra
502 513 606 574 vallum
624 521 725 592 egerat
738 533 828 593 pavor
847 549 886 557 -—
900 514 983 574 luere
998 522 1096 576 autem
1113 518 1150 578 ad
1254 523 1255 554 ³

196 597 316 674 triginta
332 597 412 657 milia
425 633 468 646 -
484 615 586 657 omnes
600 599 691 668 caesi,
710 604 804 657 castra
820 597 942 676 direpta.

165 688 179 739 1
254 681 394 741 XXXVII.
431 681 473 741 lta
495 679 585 740 rebus
612 682 701 758 gestis
723 681 825 740 consul
854 681 990 752 advocata
1012 684 1151 743 contione

193 765 227 825 P.
242 763 324 826 Decii
340 781 398 824 non
416 771 535 842 coeptas
550 763 644 824 solum
659 771 727 824 ante
748 764 799 824 sed
820 761 978 824 cumulatas
998 783 1071 825 nova
1091 768 1149 825 vir·

196 855 257 907 tute
271 847 373 906 landes
388 849 517 926 peragit,
541 855 571 907 et
593 854 712 925 praeter
727 847 861 906 militarla
886 846 940 907 alia
963 848 1039 907 dona
1059 867 1148 909 aurea
1255 893 1256 916 ,

195 948 304 991 corona
320 948 386 989 eum
402 938 431 988 et
446 937 563 989 centum
578 930 673 990 bubus
695 932 858 1008 eximioque
878 947 938 989 uno
960 930 1027 990 albo
1049 934 1149 1010 opimo

163 1015 305 1074 tauratis
325 1012 464 1072 cornibus
485 1013 583 1073 donat.
615 1014 740 1084 milites,
771 1013 824 1092 qui·
840 1015 871 1072 in
891 1015 1038 1090 praesidio
1060 1015 1148 1095 simul

194 1096 326 1161 lucrant,
350 1094 459 1173 duplici
481 1097 628 1156 frumento
653 1100 893 1177 inperpetuum,
921 1097 954 1155 in
981 1101 1148 1175 praesentia

196 1173 341 1259 [singulis]
358 1177 453 1238 bubus
468 1181 557 1258 privis
572 1180 706 1260 binisque
724 1180 825 1241 tunicis
840 1180 948 1240 donati.
985 1182 1148 1242 secundum
1256 1204 1257 1230 t

193 1259 322 1323 consulis
342 1261 529 1322 donationem
557 1263 686 1341 legiones
707 1264 883 1342 gramineam
906 1281 1045 1324 coronam
1068 1264 1149 1325 obsi·

194 1345 318 1416 dialem,
345 1345 473 1407 clamore
496 1346 606 1406 donum
630 1347 836 1426 adprobantes,
866 1347 955 1407 Decio
984 1349 1147 1425 inponunt:

193 1427 286 1489 altera
303 1447 428 1499 corona,
446 1429 576 1490 eiusdem
587 1431 708 1491 honoris
723 1430 823 1497 index,
837 1448 854 1490 a
870 1430 1018 1509 praesidio
1033 1449 1086 1490 suo
1101 1432 1148 1490 in·

162 1517 180 1570 8
192 1515 286 1591 posita
307 1519 359 1571 est.
388 1513 435 1571 his
450 1513 605 1573 decoratus
619 1514 779 1592 insignibus
791 1511 895 1572 bovem
910 1514 1048 1574 eximium
1060 1515 1148 1574 Marti

192 1593 369 1664 immolavit;
388 1604 505 1655 centum
520 1593 609 1656 boves
623 1597 761 1657 militibus
772 1596 850 1655 dono
869 1595 962 1665 dedit,
981 1598 1032 1674 qni
1046 1615 1147 1658 secum
1257 1597 1258 1612 ¹

193 1681 223 1740 in
245 1677 431 1754 expeditione
455 1677 580 1738 inerant.
616 1678 720 1738 iisdem
740 1677 882 1738 militibus
903 1677 1035 1755 legiones
1054 1678 1147 1740 libras

194 1760 282 1820 larris
301 1767 330 1819 et
341 1759 484 1821 sextarios
500 1761 559 1821 vini
580 1761 779 1830 contulerunt;
803 1762 960 1840 omniaque
976 1780 1010 1822 ea
1031 1765 1146 1839 ingenti

193 1842 344 1903 alacritate
364 1861 418 1923 per
435 1844 593 1904 clamorem
615 1843 784 1913 militarem,
802 1843 929 1905 indicem
946 1845 1077 1905 omnium
1095 1845 1146 1904 ad·

192 1945 309 1996 sensus,
326 1926 513 2004 gerebantur.
1258 1975 1259 1994 ,

160 2015 180 2067 4
255 2011 355 2072 'l'ertia
375 2027 471 2086 pugna
488 2009 530 2084 lad
552 2009 716 2070 Suessulam
732 2009 886 2068 commissa
910 2016 966 2075 est,
989 2027 1044 2087 qua
1062 2010 1145 2085 luga·
1258 2009 1259 2048 ³

191 2099 239 2153 tus
254 2110 270 2151 a
286 2093 323 2152 M.
341 2092 455 2152 Valerio
472 2093 646 2154 Samnitium
665 2093 808 2151 exercitus
825 2091 906 2150 omui
920 2089 1028 2150 robore
1043 2093 1145 2150 inven-

191 2175 262 2236 tutis
290 2175 377 2235 domo
403 2177 495 2236 accito
524 2176 682 2235 certamine
706 2174 809 2236 ultimo
836 2174 983 2234 fortunam
1016 2174 1146 2252 experiri

160 2258 301 2320 ostatuit.
333 2258 369 2318 ab
387 2257 523 2320 Suessula
547 2260 641 2321 nuntii
658 2259 763 2337 trepidi
781 2259 923 2337 Capuam,
946 2257 1015 2316 inde
1033 2257 1146 2336 equites

159 2343 271 2401 deitati
292 2341 327 2401 ad
346 2338 492 2405 Valerium
513 2342 662 2404 consulem
678 2361 766 2422 opem
781 2349 894 2403 oratum
915 2342 1042 2401 veniunt.
1074 2357 1146 2400 con·

190 2425 288 2484 testim
308 2426 391 2503 signa
412 2433 504 2497 mota,
525 2425 692 2506 relictisque
715 2425 922 2503 inpedimentis
936 2435 965 2485 et
980 2432 1145 2484 castrorum

190 2507 285 2566 rabdo
299 2510 445 2587 praesidio
460 2511 565 2588 raptim
581 2511 677 2586 agitur
688 2527 809 2586 agmen:
825 2525 881 2567 nec
894 2507 1046 2586 proculab
1060 2507 1145 2568 hoste

190 2588 288 2651 locum
308 2594 514 2671 perexiguum,
541 2600 573 2652 ut
596 2592 702 2671 quibus
726 2598 844 2672 praeter
868 2609 958 2668 equos
978 2597 1145 2651 ceterorum

160 2680 176 2729 t
190 2675 387 2736 iumentorum
400 2675 592 2754 calonumque
603 2674 690 2736 turba
705 2675 829 2744 abesset,
843 2674 944 2734 castris
955 2675 1039 2752 cepit,
1060 2674 1143 2734 Sam·

182 2757 296 2822 ¹nitinm
321 2760 481 2828 exercitus,
508 2759 585 2819 velut
609 2758 687 2819 haud
707 2757 767 2818 ulla
793 2774 876 2818 mora
900 2773 1015 2834 pugnae
1046 2757 1144 2817 lutura

192 2845 283 2909 esset,
300 2841 392 2899 aciem
407 2843 541 2909 instruit;
558 2841 678 2912 deinde,
694 2849 848 2920 postquam
865 2857 948 2899 nemo
960 2838 1141 2908 obvius'ibat,

158 2925 176 2978 8
190 2921 304 2981 infestis
319 2924 410 3000 signis
426 2923 461 2983 ad
485 2932 578 2983 castra
603 2925 731 2985 hostium
746 2922 886 2986 succedit.
912 2921 954 2982 ibi
971 2931 1004 2983 ut
1020 2923 1142 2982 militem

189 3009 222 3065 ln
235 3003 310 3065 vallo
329 3006 412 3077 vidit,
428 3009 568 3086 missique
584 3007 620 3068 ab
636 3008 717 3067 omni
730 3013 814 3086 parte
831 3003 1025 3084 exploratum,
1054 3024 1143 3084 quam

190 3089 222 3148 in
243 3090 380 3166 exiguum
408 3089 511 3150 orbem
538 3098 688 3150 contracta
713 3099 809 3152 castra
833 3096 940 3159 essent,
965 3091 1143 3168 paucitatem

158 3170 259 3232 tinde
271 3173 398 3233 hostium
415 3173 599 3252 colligentes,
613 3174 798 3244 rettulerunt,
811 3173 935 3233 irenere
948 3176 1043 3234 omnis
1055 3173 1141 3241 acies,

191 3254 370 3333 conplendas
386 3275 449 3317 esse
470 3258 562 3318 fossas
577 3257 828 3337 scindendumque
843 3255 947 3317 vallum
958 3263 988 3315 et
1000 3257 1031 3315 ln
1047 3262 1142 3315 castra

190 3335 435 3416 inrumpendum3
449 3348 687 3420 transactumque
704 3359 738 3402 ea
752 3342 913 3402 temeritate
930 3337 1041 3399 bellum
1054 3338 1141 3407 loret,

149 3419 225 3479 luni
241 3418 330 3480 duces
351 3425 563 3484 continuissent
577 3427 719 3503 impetum
742 3423 876 3485 militnm.
904 3427 1051 3493 ceterum,
1074 3421 1142 3501 qula
