2542 3956
376 310 469 352 amsa
483 309 574 352 xxrrr.
589 305 663 352 car,
674 297 716 352 24.
733 285 774 370 [a.
790 289 825 353 O.
842 287 904 372 etc]
1052 299 1118 358 343

157 463 201 531 tit,
218 459 393 538 comitiaque
408 456 507 526 edixit,
521 455 627 536 quibus
636 455 669 516 L.
686 455 852 518 Postumius
866 459 985 520 tertium
996 457 1114 530 absens,

155 544 209 623 qui
226 550 288 604 tum
305 540 427 603 Galliam
445 541 627 619 provinciam
638 538 802 611 obtinebat,
818 547 848 601 et
861 541 906 601 Ti.
921 541 1115 621 Sempronius

156 626 317 697 Gracchus,
333 625 455 704 quitum
470 625 609 702 magister
621 623 751 701 equitum
766 630 797 684 et
806 623 908 684 aedilis
918 625 1028 686 curulis
1040 634 1112 697 erat,

157 708 293 772 consules
305 715 486 770 crearentur.
511 713 663 785 praetores
674 705 887 770 indecreati-ll.
900 707 1140 781 ValeriusLae‘fs

157 796 242 855 vinus
255 795 377 863 iterum,
402 793 455 870 Ap.
479 789 614 852 fflaudtcs
628 788 770 861 euenor,
793 791 826 862 Q.
840 791 962 853 'Fulvius
975 792 1112 862 ¹Flaccus,

156 877 193 948 Q.
204 874 475 940 blucirrsScaevola.
501 874 625 935 dictator
639 875 745 934 creatis
756 875 1144 953 magistratibus'leanumtt

156 963 188 1022 in
210 960 335 1024 hiberna
354 959 393 1021 ad
414 959 576 1020 exercitum
596 957 675 1019 redit
694 957 798 1020 relicto
818 961 960 1038 magistro
983 961 1114 1039 equitum

156 1043 284 1114 llomae,
299 1045 365 1124 qui,
389 1061 456 1104 cum
476 1048 543 1122 pest
564 1059 675 1121 paucos
692 1039 754 1102 dies
770 1045 1115 1121 magistratuminitnrus

158 1135 250 1198 esset,
268 1126 498 1189 derexerra‘tibus
510 1125 675 1187 scribendis
692 1126 945 1207 conparandisque
955 1129 987 1188 in
1000 1145 1114 1188 annum

156 1209 449 1291 patrasccnautcret.

212 1295 292 1357 ¹Cum
304 1313 361 1356 eae
375 1311 424 1354 res
436 1294 564 1354 maxime
575 1300 749 1371 agerentur,
766 1312 840 1354 nova
856 1293 956 1355 clades
971 1295 1144 1366 mundatae

158 1377 347 1457 aliamsuper
363 1375 449 1438 aliam
466 1375 634 1438 stimulante
654 1377 684 1436 in
702 1394 773 1438 eum
793 1395 903 1438 annum
922 1377 1056 1448 fortuna,
1080 1377 1114 1439 L.

157 1462 340 1523 Postumium
363 1458 513 1521 consulem
538 1459 721 1538 designatum
742 1462 773 1521 in
796 1459 888 1522 Gallia
908 1462 1005 1540 ipsum
1026 1468 1115 1540 atque

157 1548 320 1606 exercitum
337 1542 459 1605 deletos.
491 1543 561 1606 silva
580 1552 644 1606 erat
658 1550 737 1606 vasta
759 1577 793 1589 —
818 1545 951 1606 Litanam
970 1543 1046 1606 Galli
1063 1555 1142 1605 vc·r

157 1627 265 1690 cabant
285 1663 338 1700 -,
362 1645 419 1708 qua
440 1629 601 1689 exercitum
621 1627 810 1689 traducturus
831 1636 902 1689 erat.
943 1630 1005 1690 eius
1026 1627 1115 1690 silvae

132 1763 135 1768 .
158 1713 261 1774 dextra
282 1711 422 1791 laesaque
441 1713 520 1773 circa
541 1713 617 1772 viam
638 1710 713 1773 Galli
734 1711 857 1772 arbores
875 1713 916 1772 ita
936 1713 1114 1783 inciderunt,

156 1804 190 1858 ut
213 1798 342 1858 inmotae
364 1802 495 1866 starent,
525 1802 674 1868 momento
696 1795 754 1856 leri
777 1795 910 1875 inpulsae
935 1796 1114 1857 occiderent.

156 1879 289 1960 legiones
303 1880 376 1941 duas
389 1878 536 1940 Romanas
559 1877 687 1940 habebat
701 1879 869 1940 Postumius
889 1881 1060 1959 sociumque
1077 1879 1145 1941 ab8

157 1982 265 2043 supero
278 1965 355 2025 mari
369 1969 482 2024 tantum
498 1964 729 2042 conscripserat,
746 1969 779 2023 ut
801 1963 902 2040 viginti
913 1965 1048 2042 quinque
1059 1965 1115 2024 mi·

156 2046 195 2108 lia
218 2054 399 2108 armatorum
421 2049 453 2108 in
485 2064 572 2126 agros
591 2046 720 2106 hostium
739 2045 897 2106 induxerit.
934 2046 1009 2106 Galli
1031 2053 1142 2107 orama

158 2140 307 2193 extremae
323 2129 412 2193 silvae
427 2149 495 2192 cnm
513 2129 784 2197 circumsedissent,
805 2127 856 2188 ubi
876 2128 994 2188 intrarit
1007 2145 1114 2206 <agmen

156 2215 277 2286 saltum,
293 2213 355 2276 tum
367 2222 513 2275 extremas
525 2213 664 2274 arborum
679 2213 859 2272 succisarum
871 2209 1025 2290 inpellunt.
1041 2230 1116 2291 quae

158 2298 216 2359 alia
229 2300 260 2358 in
277 2297 363 2358 aliam
381 2295 548 2358 instabilem
573 2313 628 2374 per
650 2313 682 2356 se
703 2313 738 2356 ac
758 2293 835 2356 male
852 2295 1024 2356 haerentem
1041 2297 1116 2356 inci·

160 2380 264 2442 dentes
278 2381 398 2460 ancipiti
413 2388 511 2458 strage
528 2397 609 2440 arma
627 2381 706 2440 viros
720 2397 811 2458 equos
828 2378 1006 2449 obruerunt,
1022 2381 1116 2440 utrix
1229 2429 1232 2435 .

158 2463 259 2525 decem
276 2464 411 2525 homines
426 2464 598 2542 effugerent.
632 2481 700 2524 nam
716 2480 783 2523 cum
802 2463 959 2523 exanimati
979 2461 1112 2542 plerique
1125 2470 1157 2522 ld

159 2554 258 2608 essent
272 2546 411 2610 arborum
428 2549 541 2609 truncis
555 2546 786 2625 fragmentisque
800 2563 966 2616 ramorum,
984 2557 1113 2607 ceteram
1128 2549 1131 2553 '

158 2629 374 2694 multitudinem
389 2633 541 2713 inopinato
557 2629 635 2692 malo
656 2630 801 2710 trepidam
817 2629 906 2700 Galli,
928 2628 1034 2690 saltum
1052 2649 1116 2691 om·

159 2732 228 2776 nem
249 2717 355 2776 armati
374 2714 637 2784 circumsedentes,
659 2713 874 2775 interfecerunt
890 2715 991 2792 paucis
1007 2719 1115 2775 etantc

158 2815 283 2860 numero
299 2801 400 2878 captis,
419 2801 471 2880 qui
481 2807 601 2879 pontem
615 2797 745 2859 flaminis
756 2803 900 2875 petentes,
916 2796 1036 2858 obsesso
1048 2803 1117 2858 ante

159 2882 197 2944 ab
207 2881 339 2944 hostibus
353 2889 457 2961 ponte,
473 2880 625 2942 interclusi
639 2887 716 2941 sunt.
746 2879 788 2940 ibi
798 2881 964 2942 Postumius
971 2882 1059 2942 *omni
1074 2882 1110 2952 ri,
1126 2887 1155 2938 n

158 2985 196 3028 no
211 2973 382 3048 caperetur,
404 2965 547 3026 dimicans
569 2963 716 3026 occubuit.
747 2961 840 3043 spolia
861 2967 994 3044 corporis
1015 2972 1115 3042 caput·

158 3068 217 3130 que
231 3051 397 3130 praecisum
420 3049 502 3110 ducis
519 3051 573 3112 boi
587 3056 707 3110 ovantes
721 3046 847 3128 templo,
869 3048 948 3128 quod
966 3049 1115 3110 sanctissi-

158 3150 239 3194 mum
255 3142 300 3195 est
314 3133 391 3212 apud
406 3151 469 3204 ecs,
486 3133 621 3195 intulero.
650 3139 775 3211 purgato
790 3131 859 3192 inde
874 3133 982 3209 capite,
1004 3137 1038 3190 ut
1050 3147 1115 3191 mos
1126 3136 1159 3186 12

158 3217 194 3279 iis
208 3224 267 3286 est,
284 3215 395 3278 calvam
412 3235 483 3279 auro
498 3217 660 3286 caelavere,
680 3215 768 3293 idque
788 3231 905 3274 sacrum
927 3229 977 3274 ras
990 3214 1026 3274 iis
1044 3220 1116 3284 erat,

158 3317 217 3388 quc
237 3299 419 3364 solemnibus
437 3300 577 3367 libarent.
602 3297 799 3378 poculumque
819 3297 898 3358 idern
913 3295 1116 3359 sacerdotibus

151 3389 246 3474 [esse]
270 3409 304 3452 ac
320 3393 422 3471 templi
438 3387 628 3451 antistitibus.
667 3385 777 3466 praeda
793 3403 913 3466 quoque
926 3384 1007 3445 haud
1022 3383 1121 3442 minor
1132 3390 1166 3440 ts

150 3473 242 3536 Gallis
257 3493 347 3555 quam
362 3475 485 3536 victoria
502 3473 573 3540 luit:
590 3488 660 3532 narn
675 3473 732 3530 etsi
748 3487 853 3548 magna
865 3486 934 3550 pars
950 3466 1123 3528 animalium

149 3567 250 3639 strage
266 3559 357 3622 silvae
372 3575 514 3641 oppressa
529 3563 606 3630 erat,
622 3562 722 3618 tamen
737 3565 855 3616 ceterae
870 3571 936 3625 res,
958 3554 1028 3633 quia
1043 3550 1121 3611 nihil
