2546 3936
363 227 458 271 ursus
471 228 513 270 nx.
531 227 599 272 ose.
617 213 660 268 36.
676 205 717 290 [a.
734 209 769 272 G.
787 208 851 293 ³10]
1029 215 1090 280 133

189 374 317 437 xxxvl.
357 373 435 436 Silva
461 383 526 437 erat
545 377 668 438 Ciminia
689 377 784 455 magis
809 381 872 440 tum
896 380 974 440 invia
999 386 1114 460 atquet

130 460 293 530 horrenda,
315 479 403 538 quam
428 477 523 538 nuper
543 461 626 520 luere
641 461 809 521 Germanici
831 461 937 533 saltus,
957 462 1030 524 nulli
1052 463 1090 524 ad

127 563 192 606 eam
208 544 286 604 diem
302 560 340 603 ne
356 554 555 605 mercatorum
566 545 685 623 quidem
701 545 789 605 adita.
804 563 869 605 eam
885 548 996 606 intrare
1011 547 1090 608 haud

126 629 190 689 iere
207 631 360 706 quisquam
381 635 499 705 praeter
522 627 627 700 ducem
643 631 739 707 ipsum
756 629 896 690 audebat:
918 627 983 690 aliis
995 633 1090 690 omni·

100 723 103 728 '
125 711 183 772 bus
198 711 289 771 clanis
305 711 451 772 Caudinae
467 713 599 773 nondum
614 715 757 774 memoria
770 713 948 774 aboleverat.
977 721 1040 773 tum
1054 721 1118 774 ext

125 798 181 865 iis,
202 798 252 874 qui
268 795 406 864 aderaut,
430 796 560 857 consulis
581 796 674 856 irater
692 798 730 858 Μ.
748 795 857 857 Fabius
870 832 912 841 —
928 797 1090 858 Caesonem

126 879 185 949 alii,
203 881 234 940 C.
251 878 402 940 Claudium
414 882 532 958 quidam
549 889 643 940 matre
655 879 758 941 eadem
773 898 829 958 qua
842 880 993 941 consulem
1007 882 1089 958 geui-

126 970 189 1024 tum
205 963 326 1023 tradunt
338 997 379 1008 --
394 963 576 1042 speculatum
599 982 631 1024 se
648 965 759 1024 iturum
775 963 926 1041 protessus
947 963 1091 1043 brevique

127 1049 226 1108 omnia
249 1055 330 1107 certa
351 1046 526 1108 adlaturum.
567 1049 660 1109 Caere
682 1047 822 1107 educatus
844 1047 921 1126 apud
948 1047 1118 1124 hospitestt
1169 1052 1172 1058 '

126 1131 260 1194 Etruscis
274 1131 343 1191 inde
358 1131 466 1192 litteris
481 1131 613 1192 eruditus
628 1139 705 1200 erat,
730 1130 920 1209 linguamque
934 1131 1089 1192 Etruscam

125 1216 221 1298 probe
236 1223 365 1276 noverat.
398 1215 493 1275 habeo
511 1225 647 1276 auctores
668 1213 755 1292 vulgo
773 1224 835 1274 tum
852 1215 1001 1274 Romanos
1016 1233 1089 1293 puc-

126 1317 192 1370 ros,
205 1303 283 1360 sicut
296 1317 376 1361 nunc
388 1300 516 1368 Graecis,
530 1300 569 1358 ita
583 1299 714 1357 Etruscis
725 1297 831 1356 litteris
843 1297 956 1357 erudiri
971 1298 1090 1359 solitosr

127 1383 180 1445 sed
194 1385 317 1463 propius
332 1392 378 1443 est
392 1401 462 1442 vcro
477 1383 669 1461 praecipuum
684 1380 793 1459 aliquid
809 1381 901 1441 luisse
917 1382 949 1441 lu
965 1399 1016 1449 eo,
1038 1383 1118 1460 quis

128 1485 162 1528 se
177 1475 237 1526 tam
251 1468 354 1527 audaci
370 1465 556 1526 simulatione
567 1465 701 1524 hostibus
717 1466 912 1524 inmiscuerit.
943 1481 1047 1524 servus
1063 1466 1091 1525 ei

129 1549 236 1610 dicitur
251 1568 350 1610 comes
367 1568 443 1610 unus
458 1551 561 1619 luisse,
578 1552 706 1609 nutritus
721 1565 779 1608 uua
798 1565 892 1627 eoque
913 1547 992 1607 haud
1008 1549 1090 1624 igna-

129 1653 181 1696 rus
204 1634 321 1711 linguae
342 1633 489 1703 eiusdemz
513 1651 570 1693 nec
592 1635 749 1712 quicquam
769 1632 848 1694 aliud
870 1633 1118 1711 proficiscentes-'s

130 1737 217 1797 quarn
238 1721 406 1780 summatim
427 1719 571 1796 regionis,
599 1735 675 1795 quae
701 1716 838 1777 intranda
853 1725 931 1786 erat,
953 1725 1091 1776 naturam

128 1819 164 1864 ac
185 1805 304 1862 nomina
324 1803 491 1880 principum
514 1803 545 1860 in
567 1801 684 1878 populis
698 1819 855 1879 accepero,
885 1818 923 1861 ue
938 1819 995 1878 qua
1012 1801 1091 1859 inter

129 1885 285 1962 conloquia
298 1885 408 1963 insigni
428 1893 496 1944 nota
519 1885 697 1943 haesitantes
709 1883 853 1960 deprendi
869 1889 998 1962 possent.
1029 1883 1120 1942 iered

128 1969 270 2050 pastorali
286 1969 403 2038 habitu,
420 1968 585 2046 agrestibus
599 1967 681 2035 telis,
700 1967 824 2028 lalcibus
841 1969 994 2044 gaesisque
1012 1965 1091 2024 binis

129 2055 243 2115 armati.
274 2052 326 2112 scd
345 2071 442 2130 neque
457 2053 668 2112 commercium
684 2049 802 2126 linguae
819 2068 875 2109 nec
889 2050 979 2109 vestis
992 2067 1091 2108 armo·

128 2155 232 2198 rumne
249 2135 365 2195 habitus
380 2137 423 2192 sic
435 2152 485 2194 eos
498 2136 585 2196 texit.
602 2149 690 2210 quarn
701 2132 778 2210 quod
794 2132 975 2192 abhorrebat
985 2132 1022 2192 ab
1034 2132 1092 2194 lide

129 2235 309 2300 quemquam
330 2228 485 2277 externum
501 2217 642 2276 Ciminios
665 2215 756 2275 saltus
780 2217 968 2276 intraturum.
998 2223 1121 2293 usquet

129 2303 166 2362 ad
183 2303 334 2360 Camertes
346 2299 474 2359 Umbros
488 2305 659 2378 penetrasse
674 2298 822 2359 dicuntur.
847 2298 903 2367 ibi,
918 2299 970 2375 qui
985 2305 1092 2368 essent,

129 2385 219 2447 lateri
235 2384 400 2443 Romanum
417 2401 537 2452 ausum,
555 2380 814 2459 introductumque
828 2381 859 2441 in
873 2397 1007 2441 senatum
1023 2398 1094 2440 cou-

129 2469 202 2531 sulis
222 2467 321 2526 verbis
341 2469 435 2544 egisse
458 2467 494 2526 de
524 2466 663 2525 societate
683 2466 883 2544 amicitiaque,
916 2473 1004 2544 atque
1024 2465 1122 2524 indess

131 2553 208 2614 comi
227 2552 354 2630 hospitio
376 2558 530 2629 acceptum
551 2550 687 2608 nuntiare
701 2547 841 2609 Romanis
860 2549 988 2618 iussum,
1012 2567 1094 2608 com·

130 2645 260 2698 meatum
276 2637 419 2696 exercitui
435 2635 549 2694 dierum
567 2635 688 2710 triginta
702 2641 821 2711 praesto
837 2633 915 2702 iore,
938 2633 962 2692 si
976 2650 1011 2693 ea
1028 2630 1094 2692 loca

130 2722 284 2788 intrasset,
303 2721 543 2796 iuventutemque
561 2718 739 2778 Camertium
756 2716 936 2782 Umbrorum
955 2717 1095 2778 inarmis

131 2813 263 2885 paratam
278 2805 403 2883 imperio
420 2804 558 2862 loturam.
587 2801 661 2860 haec
673 2818 740 2860 cum
756 2799 847 2861 relata
860 2800 974 2861 consuli
985 2808 1122 2873 essenti)

131 2889 341 2967 inpedimentis
356 2890 452 2968 prirna
468 2885 565 2964 vigilia
583 2886 767 2963 praemissis,
784 2885 950 2964 legionibus
965 2896 1033 2966 post
1046 2879 1093 2945 in'·

131 2972 300 3052 pedirnenta
318 2974 364 3031 lre
384 2973 485 3040 iussis,
513 2972 575 3049 ipse
596 2968 725 3030 substitit
747 2988 815 3030 cum
837 2973 967 3049 equitatu
982 2979 1012 3030 et
1027 2969 1094 3028 luce
1104 2975 1138 3027 10

132 3064 197 3116 orta
222 3064 343 3134 postero
368 3053 415 3115 dle
441 3053 620 3132 obequitavit
646 3055 821 3113 stationibus
846 3055 991 3120 hostiurn,
1019 3067 1095 3130 quae

133 3150 215 3200 extra
238 3138 520 3218 saltum-dispositae
536 3146 635 3205 erant;
664 3145 695 3196 et
716 3155 783 3198 cum
798 3139 868 3196 satis
884 3137 934 3196 diu
952 3136 1097 3194 tenuisset

132 3222 263 3292 hostem,
284 3223 315 3282 lu
339 3233 435 3282 castra
458 3238 523 3281 sese
543 3222 669 3296 recepit,
683 3227 827 3298 portaque
845 3219 937 3280 altera
959 3233 1095 3296 egressus

133 3315 201 3368 ante
223 3313 341 3366 noctem
360 3323 467 3384 agmen
488 3304 667 3380 adsequitur.
710 3313 830 3380 postero
850 3303 897 3363 die
918 3301 983 3362 luce
999 3302 1094 3378 prima
1105 3307 1136 3359 ll

132 3392 199 3466 iuga
214 3391 333 3449 Ciminii
354 3391 462 3449 moritis
481 3386 610 3446 tenebat.
640 3384 710 3444 inde
726 3385 940 3463 contemplatus
956 3384 1096 3463 opulenta

133 3472 269 3536 Etruriae
290 3491 360 3534 arva
382 3472 489 3532 milites
504 3473 621 3531 emittit.
652 3469 768 3548 ingenti
785 3471 844 3530 iam
865 3469 967 3531 abacta
981 3469 1094 3549 praeda
1105 3475 1138 3527 12
