2542 3956
192 185 256 250 312
339 199 433 240 mea
446 197 523 238 mr.
540 195 608 239 aaa.
625 183 669 236 sa.
681 183 723 236 aa.
735 183 778 237 se.
796 171 835 256 [a.
851 199 882 236 ιι.
897 198 923 236 c.
939 173 1002 256 saa]

158 355 184 407 u
194 348 240 408 nis
260 345 415 407 itineribus
430 343 589 403 contendit.
624 341 693 401 inde
709 341 833 402 dictator
850 361 885 402 ex
905 345 1079 404 auctoritate
1103 363 1160 424 pa·

193 439 271 491 trum
286 431 380 490 dictus
395 428 433 488 Μ.
446 426 545 487 lunius
563 434 592 485 et
602 427 646 486 li.
658 425 850 504 Sempronius
864 427 1005 504 magister
1020 429 1158 503 equitum

192 511 301 574 dilectu
316 514 410 574 edicto
430 511 559 570 iuniores
577 508 613 570 ab
634 510 718 569 annis
740 509 949 588 septemdecim
965 517 995 569 et
1010 510 1157 589 quosdam

155 606 185 658 10
194 603 392 677 praetextatos
413 593 554 655 scribunt.
589 600 725 672 quattuor
745 611 781 652 ex
803 593 848 652 his
872 593 1004 670 legiones
1022 600 1052 653 et
1072 594 1155 654 mille
1245 643 1246 666 ,

192 683 305 760 equites
321 679 425 740 eflecti.
458 677 528 736 item
542 677 577 736 ad
598 677 692 735 socios
708 675 901 756 Latinumque
918 694 1027 736 nomen
1044 677 1080 737 ad
1097 679 1153 738 rni-
1245 701 1246 754 r

191 763 258 824 lites
270 782 306 823 ex
322 761 448 824 iormula
460 759 646 839 accipiendos
661 759 789 819 mittunt.
820 777 902 820 arma
917 759 974 820 tela
986 760 1041 820 alia
1053 763 1153 838 parari
1245 757 1246 764 '

191 847 295 907 iubent
309 856 338 907 et
352 854 450 906 vetera
464 843 556 923 spolia
570 840 698 903 ho'stium
715 841 873 902 detrahunt
895 843 1013 920 templis
1032 845 1153 922 portici·
1245 891 1246 920 ,

150 929 316 1010 libusque.
351 937 380 990 et
397 930 483 990 aliam
497 927 623 988 formam
641 929 705 985 nori
724 925 846 986 dilectus
867 927 966 1004 inopia
989 926 1151 988 liberorum

192 1017 320 1092 capitum
332 1032 366 1074 ao
381 1012 540 1072 necessitas
555 1009 648 1070 dedit:
665 1017 731 1070 octo
749 1009 827 1069 milia
839 1011 977 1070 iuvenum
988 1009 1151 1071 validorum
1245 1023 1246 1084 ᾗ

191 1115 228 1156 ex
245 1097 369 1156 servitiis
385 1096 468 1174 prius
486 1096 668 1154 sciscitantes
689 1092 834 1171 singulos,
854 1093 1000 1154 vellentne
1015 1093 1149 1164 militare,
1245 1111 1246 1170 l

154 1188 181 1236 le
193 1185 292 1257 empta
305 1179 423 1258 publice
445 1186 640 1238 armaverunt.
670 1177 718 1238 hic
733 1175 818 1236 miles
834 1180 925 1255 magis
943 1177 1068 1256 placuit,
1085 1196 1151 1240 cum

190 1265 288 1342 pretio
302 1264 417 1323 minore
433 1261 579 1322 redimere
598 1263 726 1340 captivos
741 1263 825 1339 copia
840 1262 933 1321 lieret.

163 1354 177 1404 l
255 1345 351 1408 LVlll.
392 1346 525 1425 Namque
547 1344 693 1406 Hannibal
712 1345 874 1405 secundum
896 1351 955 1404 tam
975 1363 1152 1424 prosperam

188 1429 229 1491 ad
244 1432 358 1492 Cannas
377 1448 506 1510 pugnam
527 1430 645 1490 victoris
668 1429 761 1505 magis
782 1447 869 1506 quam
890 1426 1000 1488 bellum
1014 1431 1154 1506 gerentis

161 1521 179 1568 2
190 1516 322 1576 intentus
334 1517 427 1583 curis,
441 1531 508 1573 cum
520 1514 639 1590 captivis
650 1511 801 1590 productis
814 1513 1032 1590 segregatisque
1047 1515 1154 1582 socios,

191 1600 268 1658 sicut
282 1604 349 1658 ante
363 1598 400 1659 ad
416 1597 553 1658 Trebiam
574 1595 867 1675 Trasumennumque
887 1594 997 1664 laeum,
1024 1595 1155 1675 benigne

191 1679 344 1740 adlocutus
361 1683 425 1741 sine
442 1682 535 1759 pretio
550 1679 719 1747 dimisisset,
735 1679 883 1740 llomanos
895 1697 1011 1758 quoque
1025 1687 1149 1745 vocatos

192 1762 271 1843 quod
284 1781 442 1842 numquam
459 1762 529 1822 alias
543 1770 642 1831 antea,
659 1763 728 1822 satis
745 1763 809 1822 miti
820 1781 957 1822 sermone
970 1761 1154 1841 adloquitur:

165 1852 252 1907 bnon
263 1847 476 1907 internecivum
488 1845 543 1906 sibi
555 1864 619 1906 esse
631 1864 697 1906 cum
709 1845 849 1906 Romanis
864 1845 989 1916 bellum;
1007 1845 1044 1906 de
1057 1847 1154 1924 digni-

192 1937 252 1991 tate
273 1938 361 2010 atque
385 1929 509 2007 imperio
530 1938 652 1990 certare.
707 1937 735 1989 et
758 1936 857 2008 patres
883 1931 980 1989 virtuti
1003 1927 1155 1990 Romanae

193 2015 317 2076 cessisse
341 2021 421 2074 etse
441 2012 471 2073 id
492 2013 597 2084 adniti,
619 2020 650 2072 ut
672 2031 741 2072 suae
758 2015 895 2073 invicem
913 2013 1000 2074 simul
1022 2013 1156 2074 felicitati

166 2105 223 2158 eet
247 2099 347 2158 virtuti
366 2096 496 2157 cedatur.
536 2097 634 2176 itaque
656 2095 822 2156 redimendi
843 2115 875 2157 se
899 2099 1018 2175 captivis
1040 2099 1155 2177 copiam

195 2181 308 2241 lacere:
320 2227 323 2236 ,
337 2181 465 2259 pretium
486 2179 550 2240 lore
570 2183 601 2240 iu
623 2182 717 2259 capita
739 2180 830 2259 equiti
850 2182 1013 2260 quingenos
1035 2180 1155 2261 quadri·

165 2272 275 2343 ogatos
297 2282 445 2334 nummos,
468 2269 603 2324 decenos
624 2263 729 2343 pediti,
749 2281 837 2324 servo
860 2272 1010 2324 centenos.
1051 2282 1154 2343 quam-

195 2367 282 2428 quam
293 2347 472 2427 aliquantum
489 2345 670 2408 adiciebatur
683 2346 828 2426 equitibus
840 2347 875 2408 ad
887 2348 916 2407 id
930 2349 1072 2426 pretium,
1096 2365 1154 2427 quo
1245 2407 1246 2420 ,

194 2433 370 2512 pepigerant
385 2429 525 2490 dedentes
545 2449 592 2500 se,
614 2429 683 2490 laeti
704 2439 802 2491 tamen
824 2449 1037 2511 quamcumque
1053 2431 1153 2491 condi·
1245 2435 1246 2506 l

169 2517 312 2576 telonem
334 2513 502 2593 paciscendi
517 2523 703 2592 acceperunt.
734 2514 844 2593 placuit
864 2515 1002 2592 suffragio
1022 2517 1153 2594 ipsorum
1245 2511 1246 2576 l

197 2599 299 2660 decem
316 2598 418 2674 deligi,
440 2597 490 2676 qui
506 2597 628 2658 Romam
649 2597 684 2656 ad
705 2606 837 2658 senatum
858 2600 949 2668 irent,
973 2616 1028 2658 nec
1049 2599 1154 2676 pignus
1245 2661 1246 2678 χ

176 2681 278 2742 taliud
292 2681 373 2750 fidei,
390 2699 477 2759 quam
489 2682 662 2742 utiurarent
673 2699 704 2742 se
716 2681 877 2751 redituros,
895 2688 1057 2762 acceptum.
1084 2683 1152 2740 mis·
1245 2699 1246 2764 r

197 2783 246 2825 sus
264 2763 390 2823 cumbis
406 2763 541 2824 Carthalo
557 2763 662 2824 nobilis
678 2765 939 2842 Carthaginiensis,
959 2767 1021 2844 qui,
1037 2765 1063 2826 si
1079 2765 1152 2824 lorte
1245 2769 1246 2846 l

168 2854 186 2905 8
198 2846 234 2908 ad
245 2864 346 2926 pacem
354 2845 509 2906 inclinaret
517 2849 639 2916 animus,
653 2850 840 2908 condiciones
851 2849 952 2910 lerret.
980 2867 1046 2909 eum
1055 2865 1151 2926 egres·
1245 2847 1246 2900 ἶ

197 2932 222 2993 si
233 2929 336 2992 castris
348 2935 460 2998 essent,
473 2946 549 2988 unus
561 2948 597 2989 ex
608 2931 654 3000 iis,
669 2933 789 2990 minime
799 2931 923 2992 Romani
934 2933 1045 3011 ingenii
1056 2931 1152 2999 homo,
1245 2973 1246 2986 ,

198 3014 286 3078 veluti
301 3011 409 3092 aliquid
424 3010 547 3082 oblitus,
568 3013 641 3073 iuris
655 3014 771 3074 iurandi
789 3015 920 3076 solvendi
935 3033 1021 3076 causa
1036 3033 1104 3075 oum
1122 3016 1152 3074 iu

169 3105 294 3162 ecastra
309 3097 446 3166 redisset,
470 3104 537 3157 ante
552 3104 669 3160 noctem
685 3100 806 3159 comites
823 3100 1001 3179 adsequitur.
1031 3097 1082 3158 ubi
1097 3097 1152 3158 llo·

200 3203 276 3245 mam
295 3183 393 3242 venire
409 3198 459 3240 eos
480 3182 645 3242 nuntiatum
667 3190 724 3253 est,
745 3182 912 3244 Carthaloni
934 3181 1047 3243 obviam
1070 3179 1153 3241 lictor

199 3271 319 3337 missus,
335 3266 384 3344 qui
400 3263 550 3326 dictatorls
565 3264 661 3326 verbis
677 3267 836 3335 nuntiaret,
853 3274 963 3326 utente
976 3272 1094 3325 noctem
1105 3281 1152 3324 ex·

203 3351 319 3411 eederet
332 3346 438 3407 finibus
454 3347 602 3408 Romanis.

173 3438 186 3490 1
261 3431 333 3491 LIX.
362 3429 478 3504 Legatis
501 3434 681 3510 captivorum
710 3438 828 3492 senatus
847 3430 883 3492 ab
909 3431 1050 3491 dictatore
1072 3429 1152 3490 datus
1245 3507 1246 3518 ἵ
