2542 3956
296 205 389 248 unua
406 205 496 248 xxm.
514 203 582 246 car.
597 193 623 244 7.
640 191 666 243 8.
685 181 724 264 [a.
741 184 775 245 0.
791 187 852 266 216]
991 187 1051 251 325

81 353 229 434 exempla
247 353 394 423 referens,
412 355 523 432 primo,
545 371 582 414 ue
596 353 780 430 reciperetur
793 352 988 430 praesidium,
1003 371 1052 432 pa·

82 438 152 500 lam
165 437 340 499 vociferatus
350 445 406 508 est,
423 437 542 507 deinde,
561 445 594 497 ut
604 444 756 516 receptum
769 443 819 496 aut
833 437 978 497 eiceretur
993 443 1080 506 aute

82 525 115 582 si
126 521 237 584 malum
253 522 374 591 lacinus,
388 521 465 600 quod
478 541 494 582 a
506 523 707 582 vetustissimis
716 521 804 582 sociis
815 522 1051 598 consanguineis·

82 623 151 686 que
166 605 355 676 defecissent,
371 605 442 666 forti
457 623 490 666 ac
506 604 690 666 memorabili
705 605 835 665 facinore
851 621 979 685 purgare
992 604 1051 664 vel·

81 690 168 760 lent,
189 699 222 751 ut
241 689 396 750 interiecto
413 689 524 750 Punico
546 689 693 769 praesidio
708 690 899 749 restituerent
912 689 1051 750 Romanis

81 793 133 835 se.
168 774 242 835 baec
261 809 297 820 —-
321 790 375 834 nec
397 775 474 834 enim
496 773 609 835 occulta
630 773 852 852 agebantur-
873 791 940 833 cum
962 772 1079 834 relatat

81 857 249 919 Hannibali
271 865 383 928 essent,
409 859 505 938 primo
528 859 618 929 misit,
640 858 691 937 qui
713 864 852 918 vocarent
866 857 993 934 Magium
1015 857 1052 917 ad

82 943 200 1003 sesain
213 949 322 1010 castra3
340 941 454 1011 deinde,
471 959 538 1002 cum
550 943 575 1001 is
588 941 726 1002 ferociter
737 950 873 1020 negasset
888 959 920 1002 se
932 942 1049 1010 iturum,

82 1043 148 1086 nee
165 1025 243 1085 enim
261 1024 417 1086 Hannibali
431 1026 477 1095 ius
499 1043 563 1086 esse
583 1027 614 1085 in
638 1028 730 1086 civem
746 1028 934 1104 Campanum,
952 1026 1051 1086 conci·

82 1116 169 1170 tatus
179 1111 223 1169 ira
235 1109 350 1170 Poenus
362 1109 566 1188 conprehendi
577 1109 727 1169 hominem
740 1111 925 1190 vinctumque
937 1109 1053 1170 adtrahi

83 1193 125 1254 ad
143 1212 207 1254 sese
220 1195 314 1254 iussit.
345 1195 454 1253 veritus
469 1191 589 1262 deinde,
608 1191 730 1272 nequid
746 1195 824 1254 inter
839 1195 895 1254 vim
912 1193 1081 1254 tumultuat

83 1284 178 1356 atque
194 1296 230 1338 ex
245 1277 439 1337 concitatione
451 1278 616 1337 animorum
631 1275 788 1338 inconsulti
803 1279 970 1337 certaminis
985 1295 1052 1338 ore·

82 1369 188 1433 retur,
209 1361 272 1439 ipse
294 1362 456 1441 praemisse
475 1361 578 1422 nuntio
600 1360 637 1422 ad
656 1361 781 1422 Marium
798 1360 943 1422 Blossium
965 1379 1051 1440 prae·

83 1453 187 1506 torem
199 1446 394 1524 Campanum,
416 1452 536 1524 postero
551 1445 598 1506 die
614 1463 645 1506 se
662 1445 777 1524 Capuae
792 1445 939 1515 futurum,
963 1445 1051 1524 proii-

85 1531 240 1591 eisciture
257 1531 361 1590 castris
377 1546 442 1589 cum
458 1528 573 1590 modico
591 1529 748 1609 praesidio.
789 1529 898 1590 llarius
915 1531 1080 1589 continuet

9 1659 10 1664 η
85 1613 229 1675 advocata
251 1614 354 1683 edicit,
377 1621 410 1675 ut
428 1613 598 1694 frequentes
619 1631 685 1675 cum
703 1612 876 1692 coniugibus
897 1631 931 1674 ac
951 1612 1051 1673 liberis

85 1697 205 1760 obviam
226 1699 306 1758 bant
319 1697 485 1759 Hannibali.
517 1697 553 1759 ab
571 1699 715 1760 universis
731 1696 762 1757 id
782 1715 842 1758 non
859 1697 1051 1758 oboedienter

85 1781 192 1854 modo,
210 1781 263 1843 sed
278 1784 378 1852 enixe,
400 1782 499 1844 lavore
514 1783 601 1843 etiam
616 1781 693 1860 volgi
714 1789 743 1842 et
763 1781 860 1842 studio
881 1780 993 1842 visendi
1007 1788 1052 1841 tot

86 1867 149 1927 iam
172 1864 438 1927 victoriisssclarum
460 1868 685 1944 imperatorem,
713 1865 898 1927 factumest.
944 1866 1049 1926 Decius
1062 1869 1092 1922 lu

86 1949 201 2028 Magius
212 1968 269 2010 nec
279 1949 394 2010 obviam
407 1968 543 2028 egressus
555 1957 599 2010 est
613 1967 684 2020 nec,
700 1966 760 2028 quo
775 1949 911 2009 timorem
923 1948 1049 2027 aliquem

88 2053 126 2096 ex
148 2035 327 2096 conscientia
346 2035 512 2112 significare
538 2041 651 2113 posset,
683 2034 795 2112 privato
824 2050 855 2092 se
885 2034 992 2092 tenuit:
1018 2033 1050 2090 in

87 2119 154 2180 foro
171 2137 237 2179 cum
252 2118 312 2178 lilio
329 2118 541 2197 clientibusque
557 2119 659 2195 paucis
674 2117 766 2176 otiose
781 2114 971 2176 inambulavit
989 2122 1049 2175 tre·

87 2201 208 2282 pidante
221 2208 282 2262 tota
293 2202 408 2261 civitate
419 2200 456 2262 ad
468 2200 673 2279 excipiendum
685 2200 817 2261 Poenum
829 2199 1049 2279 visendumque.

88 2284 234 2346 Hannibal
245 2286 395 2362 ingressus
405 2283 509 2344 urbem
525 2292 658 2345 senatum
670 2281 816 2362 extemplo
827 2282 967 2363 postulat,
980 2301 1047 2362 pre·
1061 2289 1090 2340 ll

90 2367 282 2447 cantibusque
303 2367 372 2428 inde
394 2367 575 2448 primoribus
602 2368 833 2447 Campanorum,
864 2367 991 2447 nequid
1014 2383 1049 2426 eo

91 2453 138 2515 die
152 2454 247 2512 seriae
261 2453 305 2512 rei
323 2460 441 2530 gereret
457 2452 592 2532 diemque
607 2460 640 2512 ut
653 2453 716 2531 ipse
734 2451 859 2512 adventu
874 2459 927 2512 suc
942 2452 1049 2511 festum

89 2533 182 2596 laetus
200 2554 234 2596 ac
255 2534 350 2596 libens
367 2535 547 2607 celebraret,
569 2554 745 2617 quamquam
767 2553 910 2615 praeceps
929 2536 1092 2613 ingeniola

89 2624 120 2680 in
134 2621 209 2682 iram
225 2627 303 2691 erat,
321 2628 435 2692 tamen,
452 2637 489 2680 ne
507 2619 576 2700 quid
591 2622 622 2680 in
638 2621 782 2700 principio
802 2627 936 2697 negaret,
954 2621 1048 2679 risen·

91 2705 126 2764 da
141 2703 214 2765 urbe
228 2721 366 2784 magnam
380 2713 496 2784 partem
511 2703 570 2764 diei
585 2706 775 2782 consumpsit.

151 2787 223 2850 Vlll.
250 2790 425 2850 Deversatus
437 2794 482 2849 est
503 2787 579 2867 apud
600 2788 724 2850 Ninnios
740 2787 872 2857 Celeres,
897 2786 1075 2848 Stheniuml

89 2872 318 2953 Pacuviumque,
339 2873 466 2935 inclutos
487 2872 638 2934 nobilitate
654 2891 688 2933 ac
709 2872 823 2933 divitiis.
857 2889 891 2932 eo
907 2871 1076 2931 Pacuviuse

9 3003 11 3036 ἰ
91 2953 233 3026 Calavius,
258 2957 295 3017 de
309 2977 366 3036 quc
383 2966 450 3018 ante
467 2957 648 3028 dictumest,
669 2959 809 3037 princeps
824 2957 959 3017 factionis
975 2957 1047 3023 eius,

9 3041 10 3052 *
91 3055 162 3117 quae
178 3045 308 3099 traxerat
321 3059 385 3101 rem
400 3041 436 3102 ad
448 3043 577 3111 Poenos,
592 3040 683 3102 filium
695 3042 829 3102 iuvenem
846 3039 979 3106 adduxit,
997 3035 1077 3097 aia-3

91 3129 229 3183 stractum
249 3139 265 3182 a
286 3122 366 3183 Decii
386 3123 474 3201 Magii
495 3123 601 3194 latere,
621 3141 688 3183 eum
710 3141 768 3201 quo
792 3122 972 3183 ferocissime
992 3137 1047 3199 pro

90 3205 218 3267 liemana
234 3207 372 3268 societate
392 3206 530 3267 adversus
545 3207 687 3268 Punicum
710 3205 812 3266 foedus
827 3211 968 3274 steterat,
992 3221 1047 3264 nec

9 3347 10 3356 ,
92 3308 155 3351 eum
169 3298 219 3352 aut
232 3289 370 3352 inclinata
385 3292 417 3350 in
431 3297 546 3370 partem
561 3290 682 3353 alteram
698 3291 799 3350 civitas
815 3297 864 3351 aut
878 3290 973 3368 patria
984 3305 1046 3349 ma·

91 3376 175 3435 iestas
190 3375 334 3436 sententia
351 3373 512 3454 depulerat.
552 3375 620 3436 buia
639 3382 701 3436 tum
718 3381 802 3455 pater
824 3374 922 3435 iuveni
936 3373 1073 3433 Hanni-t

91 3456 184 3520 balam
199 3458 386 3540 deprecando
401 3459 493 3537 magis
508 3476 595 3539 quam
610 3459 764 3539 purgando
780 3457 918 3539 placavit,
940 3457 1045 3518 victus·
