2538 3946
339 193 434 238 nmen
449 197 481 237 x.
499 193 567 238 can.
583 183 626 235 42.
643 181 685 234 43.
704 170 744 255 [a.
760 175 795 237 O.
811 171 873 256 293]
1018 177 1081 243 195

118 366 137 425 p
157 351 201 406 rta
218 343 333 404 occasio
349 350 440 412 esset,
452 341 547 420 acciri
561 360 633 422 quas
654 347 808 420 receperat
824 341 924 420 copias
937 342 1079 420 signaque

116 431 149 489 in
165 426 270 489 urbem
284 426 389 486 inferri
404 425 510 487 iussit„
529 425 655 504 ingressi
670 424 820 505 proxima,
838 442 872 484 ea
887 432 988 502 parte,
1009 425 1106 505 quiae

117 530 176 573 nox
184 508 452 590 adpropinquabat,
465 510 611 589 quievere.
644 514 730 570 noete
742 508 882 586 oppidum
894 508 931 569 ab
944 508 1104 570 nosubuss

117 597 267 657 desertum
290 600 343 654 est.
388 610 472 654 caesa
491 591 543 653 illo
566 591 614 652 die
635 591 672 653 ad
693 591 878 671 Aquiloniam
901 592 1078 654 Samnitium

117 678 196 741 milia
213 678 315 756 viginti
335 678 459 738 trecenti
473 675 681 758 quadraginta,
697 683 782 754 capta
805 677 862 736 tria
882 675 962 738 milia
982 677 1077 736 octin-

117 764 198 841 genti
219 769 249 822 et
276 762 474 839 septuaginta,
502 763 585 839 signa
610 759 748 821 militaria
773 761 933 838 nonaginta
953 766 1077 838 septem.

117 855 250 907 ceterum
263 844 336 904 illud
349 846 509 906 memoriae
521 843 664 915 traditur,
685 862 746 904 non
759 842 854 904 ferme
869 842 959 904 alium
971 843 1076 905 ducem
1088 851 1105 902 6

117 928 269 990 laetiorem
280 929 312 989 in
324 930 386 989 acie
396 930 488 989 visum
502 947 556 990 seu
566 935 671 1007 suopte
682 929 801 1006 ingenio
815 944 867 988 seu
878 927 984 989 fiducia
999 927 1076 988 bene

62 1009 67 1020 '
118 1013 267 1091 gerundae
283 1013 338 1073 rei.
374 1011 410 1073 ab
426 1012 530 1074 eodem
545 1011 655 1074 robore
669 1012 759 1072 animi
773 1029 869 1091 neque
887 1019 1104 1072 controversot

117 1099 246 1176 auspicio
267 1098 400 1157 revocari
422 1115 438 1156 a
459 1096 572 1176 proelio
592 1097 701 1175 potuit,
724 1096 800 1156 etin
816 1096 881 1174 ipso
897 1095 1076 1166 discrimine,

115 1199 174 1260 quo
200 1180 309 1259 templa
329 1181 391 1240 deis
416 1179 622 1242 inmortalibus
647 1181 745 1240 voveri
766 1197 831 1240 mos
854 1186 932 1248 erat,
958 1185 1079 1241 voverat

114 1264 175 1326 lovi
189 1265 313 1334 Victori,
337 1266 362 1324 si
376 1263 507 1342 legiones
520 1265 649 1325 bostium
666 1263 803 1332 fudisset,
825 1262 965 1342 pocillum
979 1262 1076 1334 mulsi,

116 1350 286 1427 priusquam
302 1354 443 1407 temetum
458 1347 587 1417 biberet,
604 1363 669 1408 sese
685 1347 840 1408 facturum.
872 1346 903 1406 id
917 1352 1016 1408 uotum
1031 1346 1077 1407 dis

116 1432 199 1492 cordi
219 1433 287 1501 luit,
307 1437 337 1491 et
351 1431 479 1510 auspicia
495 1432 527 1492 in
540 1429 651 1492 bonum
669 1436 830 1491 verterunt.

178 1514 278 1576 XLllI.
308 1513 417 1575 Eadem
433 1514 551 1576 fortuna
563 1514 599 1575 ab
617 1513 710 1576 altero
726 1512 846 1575 conside
860 1513 897 1574 ad
912 1513 1102 1574 Cominiumr

117 1605 198 1676 gesta
215 1616 271 1658 res.
308 1600 403 1677 prima
423 1597 488 1659 luce
503 1599 540 1659 ad
554 1601 672 1659 moenia
686 1597 823 1659 omnibus
838 1599 930 1677 copiis
951 1596 1076 1658 admotis

117 1699 225 1742 corona
247 1683 338 1744 cinxit
360 1680 465 1742 urbem
486 1683 794 1762 subsidiaquefirma,
821 1701 860 1743 ne
881 1700 939 1762 qua
959 1681 1075 1759 eruptio

103 1767 213 1836 ,fieret
237 1768 332 1844 portis
347 1767 492 1846 opposuit.
533 1768 592 1827 iam
607 1768 723 1845 signum
739 1767 857 1828 dantem
873 1784 940 1827 eum
957 1766 1103 1826 nuntiust

103 1869 132 1910 *a
147 1849 258 1927 collega
280 1850 412 1929 trepidus
427 1850 463 1910 de
477 1851 579 1929 viginti
597 1852 762 1912 cohortium
777 1851 903 1911 adventu
917 1857 948 1910 et
961 1847 997 1910 ab
1018 1850 1074 1909 im·
1141 1852 1147 1861 ”

114 1941 186 2012 petu
200 1942 331 1995 moratus
346 1941 390 1994 est
406 1942 435 1994 et
449 1943 564 2013 partem
578 1935 730 2013 copiarum
747 1951 889 1994 revocare
902 1934 1075 1993 instructam

114 2018 315 2097 intentamque
341 2017 377 2077 ad
398 2017 629 2097 oppugnandum
653 2018 757 2094 coegit.
795 2017 829 2077 D.
846 2017 971 2076 Brutum
987 2014 1102 2074 Scae-3

114 2120 181 2162 vam
194 2101 321 2180 legatum
337 2120 403 2162 cum
419 2101 535 2178 legione
555 2102 651 2179 prima
666 2107 696 2168 et
711 2101 814 2159 decem
832 2096 1002 2159 cohortibus
1016 2096 1075 2157 ala·

114 2187 167 2244 riis
188 2188 376 2264 equitatuque
401 2185 447 2242 ire
475 2183 614 2243 adversus
634 2182 797 2244 subsidium
821 2182 950 2243 hostium
974 2181 1074 2241 iussit:

115 2285 299 2346 quocumque
319 2269 350 2324 in
370 2265 436 2325 loco
463 2265 566 2327 luisset
592 2264 708 2335 obvius,
738 2265 895 2326 obsisteret
922 2283 956 2324 ae
977 2275 1102 2324 mora-4

115 2359 213 2420 retur,
241 2367 434 2428 manumque,
461 2351 486 2409 si
511 2349 588 2410 forte
610 2351 650 2410 lta
671 2367 719 2409 res
740 2355 888 2427 posceret,
915 2345 1073 2418 conferret,

114 2433 202 2495 modo
218 2451 256 2493 ne
271 2433 307 2492 ad
322 2433 487 2494 Cominium
504 2449 555 2493 eae
569 2434 671 2512 copiae
684 2431 833 2493 admoveri
847 2439 976 2510 possent.
1011 2433 1102 2509 ipses

114 2516 208 2578 scalas
219 2515 292 2576 lerri
303 2517 339 2577 ad
350 2534 451 2579 muros
463 2517 499 2578 ab
512 2518 592 2577 omni
601 2525 685 2596 parte
696 2515 778 2577 urbls
787 2517 872 2577 iussit
883 2533 917 2576 ac
929 2514 1075 2576 testudine

114 2601 152 2662 ad
172 2609 272 2680 portas
285 2602 435 2664 successit.
466 2600 552 2663 simul
570 2610 599 2662 et
614 2600 854 2679 refringebantur
869 2607 973 2678 portae
990 2605 1020 2661 et
1033 2600 1076 2659 vis

114 2685 243 2766 undique
254 2685 498 2748 lnmurostiebat.
520 2687 666 2748 Samnites
677 2687 760 2754 sicut,
773 2692 928 2762 antequam
939 2683 970 2742 in
982 2683 1076 2745 muris
1121 2701 1124 2706 ·

114 2765 1076 2847 viderentarmatos,satisanimilrabueruntarlprolribendosurbis

116 2855 195 2916 aditu
210 2855 325 2925 hostes,
341 2856 390 2924 ita,
406 2863 562 2934 postquam
577 2856 637 2915 iam
648 2871 707 2914 non
720 2871 758 2914 ex
769 2850 922 2913 intervallo
936 2869 992 2913 nec
1004 2852 1074 2912 mis·
1091 2855 1107 2908 6

115 2939 232 3008 sillbus,
250 2939 302 3000 sed
317 2941 481 3000 comminus
504 2938 661 3017 gerebatur
676 2956 732 3010 res,
748 2945 784 3008 et,
798 2939 849 3017 qui
863 2953 1075 3015 aegresucces·

116 3023 354 3100 serantexplano
365 3024 396 3082 in
407 3043 508 3086 muros
519 3023 593 3095 loco,
610 3043 697 3102 quem
712 3023 805 3100 magis
818 3024 988 3087 timuerant,
1001 3020 1075 3076 victo

116 3104 202 3166 facile
217 3107 248 3163 in
260 3105 375 3165 bostem
387 3109 520 3186 inparem
533 3125 674 3186 exaequo
689 3104 875 3184 pugnabant,
888 3102 998 3163 relictis
1014 3107 1102 3160 tur-7

116 3189 355 3266 ribusmurisque
361 3191 392 3247 in
400 3190 496 3250 lorum
505 3207 607 3249 omnes
614 3189 756 3268 conpulsi,
770 3183 1073 3266 paulisperindetem-

116 3280 441 3354 ptaveruntextremam
453 3273 733 3351 pugnaelortunam,
746 3270 980 3331 deindeabiectis
987 3267 1076 3326 armis
1087 3275 1103 3324 8

118 3359 153 3419 ad
165 3357 301 3418 undecim
314 3355 393 3416 milia
405 3356 556 3417 bominum
570 3364 599 3416 et
609 3356 816 3435 quadringenti
827 3356 857 3415 in
869 3353 955 3413 ulem
969 3368 1073 3412 consu·

118 3441 154 3503 lis
168 3448 327 3510 venerunt;
350 3459 433 3502 caesa
449 3441 484 3502 ad
497 3449 622 3522 quatuor
645 3440 724 3502 milia
739 3439 901 3517 octingenti
919 3436 1074 3514 octoginta.

811 3524 873 3590 13*
