2538 3946
290 217 384 258 nmen
398 217 462 258 m.
475 215 544 257 err.
558 203 601 256 25.
618 203 661 256 26.
676 193 716 275 [a.
733 198 769 258 0.
784 193 844 276 218]
982 199 1049 260 225

98 383 149 444 que
163 381 230 426 cum
245 363 334 424 caede
349 381 473 424 suorum
486 379 574 440 aegre
595 360 627 422 in
645 368 761 440 apertos
776 379 894 440 campos
915 360 1046 421 emersit.

95 448 133 508 ibi
150 454 244 508 eastra
256 447 448 518 communita,
465 453 507 516 et,
522 447 590 525 quia
605 445 693 506 Gallis
708 445 743 506 ad
764 445 931 522 temptanda
943 461 978 506 ea
993 442 1043 504 de·
1057 449 1092 500 10

95 531 145 591 luit
160 549 241 610 spes,
256 530 360 590 relecti
373 537 443 589 sunt
456 528 581 590 militum
593 530 697 596 animi,
713 545 889 607 quamquam
903 525 939 586 ad
950 527 986 566 ³⁸*
999 545 1047 587 ce-

94 614 196 674 cidisse
218 615 289 676 satis
309 612 470 674 constabat.
506 614 564 672 iter
581 611 686 672 deinde
708 613 744 672 de
763 613 879 688 integro
900 617 1090 690 coeptum,11

94 715 160 767 neo,
184 697 254 758 dum
274 713 329 774 per
349 698 478 774 patentia
499 693 563 756 loca
585 695 746 757 ducebatur
769 712 889 772 agmen,
913 694 1050 776 apparuit

93 781 198 840 hostiss
225 779 277 839 ubi
297 797 400 840 rursus
415 778 503 845 silvae
523 781 664 861 intratael,
685 787 748 840 tum
763 784 930 857 postremos
950 776 1046 836 adorti
1058 783 1092 833 12

93 881 159 924 cum
181 881 287 941 magna
307 863 501 941 trepidatione
515 881 549 924 ac
569 881 677 942 pavore
698 863 830 922 omnium
849 863 1051 940 septingentos

94 945 201 1006 milites
213 946 397 1016 occiderunt,
411 965 461 1010 sex
473 950 554 1025 signa
567 947 714 1008 ademere.
742 946 808 1006 finis
820 952 849 1005 et
860 943 949 1025 Gallis
956 943 1048 1004 terri-
1061 947 1094 1000 13

93 1029 173 1090 tandi
188 1037 219 1090 et
237 1031 362 1108 pavendi
383 1031 438 1092 luit
450 1031 603 1100 Romanis
627 1039 661 1090 ut
677 1049 694 1090 e
709 1029 784 1090 saltu
804 1028 882 1089 invio
893 1043 984 1106 reque
1004 1029 1051 1087 in·

92 1111 189 1191 pedito
211 1131 338 1175 evasere.
381 1115 450 1175 inde
470 1115 580 1192 apertis
598 1113 671 1174 locis
690 1112 775 1174 facile
794 1119 923 1175 tutantes
943 1127 1051 1190 agmen

92 1195 215 1255 Romani
230 1195 412 1266 Tannetum,
433 1199 530 1257 vicum
549 1197 726 1274 propincum
745 1195 839 1266 Pado,
860 1196 1050 1256 contendere.

92 1279 135 1338 ibi
151 1296 182 1338 se
197 1281 382 1340 munimento
394 1279 431 1339 ad
452 1285 569 1357 tempus
589 1277 858 1357 commeatibusque
878 1279 1006 1338 lluminis
1021 1283 1051 1337 et
1063 1284 1096 1335 14

55 1365 56 1370 ’
92 1362 300 1422 Brixianorum
317 1365 405 1422 etiam
419 1360 568 1422 Gallorum
591 1359 697 1422 auxilio
714 1361 852 1422 adversus
867 1368 1051 1422 crescentem

92 1446 124 1502 in
139 1443 202 1502 dies
213 1443 430 1508 multitudinem
442 1445 570 1508 hostium
583 1443 763 1508 tutabantur.
806 1442 905 1508 XXVI.
937 1443 993 1514 Qui
1006 1450 1053 1502 tu·
1066 1448 1079 1498 1

92 1523 202 1586 multus
213 1545 321 1605 repens
333 1535 489 1607 postquam
509 1535 554 1589 est
563 1527 688 1590 Romam
701 1525 849 1606 perlatus,
866 1533 897 1586 et
907 1527 1052 1588 Punicum

92 1611 215 1688 insuper
231 1608 341 1672 Gallico
356 1611 467 1673 bellum
481 1621 598 1674 anctum
613 1619 712 1690 patres
727 1617 906 1690 acceperunt
942 1609 975 1672 C.
989 1609 1081 1669 Ati-2

92 1691 164 1752 lium
179 1701 348 1770 praetorem
363 1714 431 1756 cum
447 1713 505 1756 una
526 1695 643 1773 legione
657 1695 789 1756 Romana
807 1701 837 1755 et
850 1695 979 1774 quinque
997 1693 1051 1752 mi-

92 1772 170 1834 libus
183 1777 331 1840 sociorum
343 1777 451 1839 dilectu
466 1798 541 1840 novo
556 1797 573 1839 a
588 1777 707 1840 consule
722 1779 896 1858 conscriptis
912 1776 1051 1838 auxilium

94 1857 173 1918 lerre
183 1857 290 1920 Manlio
296 1861 412 1933 iubent,
424 1863 475 1942 qui
485 1865 549 1924 sine
558 1861 618 1922 ullo
631 1864 790 1924 certamine
801 1861 1053 1922 ——abscesserant

93 1942 174 2001 enim
190 1950 271 2004 metu
285 1945 384 2007 hostes
398 1977 440 1990 --
454 1945 619 2008 Tannetum
633 1946 775 2024 pervenit.

156 2024 194 2086 llt
207 2026 240 2088 P.
256 2027 409 2090 Cornelius
422 2031 455 2090 in
469 2028 567 2089 locum
581 2031 658 2098 eins,
682 2046 757 2108 quae
780 2028 868 2088 missa
884 2045 951 2088 eum
966 2033 1082 2106 prae-3

91 2116 159 2168 tore
180 2117 257 2180 erat,
282 2115 392 2189 scripta
412 2111 528 2190 legione
549 2116 622 2171 nov'a
643 2111 795 2189 proiectus
816 2111 852 2172 ab
872 2110 947 2172 urbe
969 2129 1052 2172 sexa·

91 2192 175 2268 ginta
197 2191 294 2269 longis
313 2195 436 2255 navibus
457 2202 577 2272 praeter
602 2210 684 2253 oram
703 2193 838 2254 Etruriae
853 2193 1053 2274 Ligurumque

92 2281 124 2332 et
137 2273 207 2332 inde
224 2274 372 2337 Saluvium
386 2279 494 2338 montis
508 2278 643 2354 pervenit
656 2275 826 2346 Massiliam,
846 2284 875 2336 et
892 2277 929 2336 ad
944 2283 1083 2355 prona-4

91 2373 176 2416 mum
191 2359 297 2418 ostium
319 2358 454 2421 Rhodani
471 2359 660 2437 -pluribus
681 2362 759 2418 enirn
781 2360 889 2420 divisus
911 2361 1005 2420 amnis
1022 2361 1053 2419 in

91 2457 177 2498 mare
192 2439 325 2503 decurrit
340 2478 382 2488 -
397 2450 492 2504 castra
506 2442 598 2513 locat,
618 2441 737 2502 vixdum
752 2443 822 2502 satis
839 2440 964 2503 credens
974 2443 1053 2502 llan-

91 2521 226 2584 nibalem
243 2542 398 2605 superasse
418 2527 585 2606 Pyrenaeos
606 2527 724 2588 montis.
760 2544 847 2605 quem
869 2533 902 2587 ut
923 2525 960 2586 de
974 2526 1083 2586 Rho-5

79 2605 165 2666 'dani
182 2625 298 2688 quoque
313 2613 437 2672 transitu
452 2613 562 2689 agitare
577 2609 793 2679 animadvertit,
808 2610 955 2679 incertus,
981 2628 1053 2688 quo·

91 2707 164 2750 nam
178 2693 204 2750 ei
222 2689 288 2754 loco
299 2701 483 2765 occurreret,
501 2694 626 2756 necdum
639 2695 708 2754 satis
719 2693 838 2780 reiectis
850 2691 886 2752 ab
897 2694 1054 2754 iactatione

91 2775 251 2836 marituma
262 2777 411 2850 militibus,
422 2785 571 2840 trecentos
579 2779 699 2838 interim
706 2776 835 2841 delectos
848 2777 961 2856 equites
971 2776 1054 2838 duci-

91 2854 151 2915 bus
177 2858 406 2924 Massiliensibus
432 2869 462 2923 et
487 2861 676 2924 auxiliaribus
701 2859 790 2922 Gallis
812 2860 850 2920 ad
875 2858 1054 2938 exploranda

93 2941 196 3000 omnia
217 2946 411 3028 visendosque
433 2965 470 3008 ex
490 2954 552 3008 tuto
573 2946 672 3006 hostes
692 2946 862 3023 praemittit.
909 2942 1084 3004 Hannibale

93 3023 203 3082 ceteris
219 3034 364 3092 metuant
383 3032 479 3109 pretio
494 3031 604 3108 pacatis
622 3031 680 3088 iam
696 3031 727 3087 in
742 3026 897 3088 Volcarum
909 3044 1054 3104 pervene-

92 3109 144 3162 rat
158 3121 276 3182 agrum,
301 3115 395 3190 gentis
409 3111 531 3174 validae.
563 3112 664 3174 colunt
685 3119 782 3172 autem
801 3113 880 3170 eirca
897 3114 1054 3187 utramque

93 3188 193 3264 ripam
208 3190 356 3266 Rhodani;
381 3195 433 3254 sed
452 3195 539 3257 diffisi
560 3196 697 3256 citeriore
718 3211 788 3272 agro
810 3193 906 3253 arceri
915 3188 1053 3254 Poenum

93 3287 200 3350 POSSfl,
216 3281 248 3334 ut
259 3275 369 3339 llumen
380 3297 434 3357 pro
445 3279 627 3338 munimento
639 3278 797 3347 haberent,
813 3273 948 3338 omnibns
960 3277 1055 3337 ierme

93 3355 159 3414 suis
186 3363 270 3426 trans
289 3363 463 3423 Rhodanum
489 3362 618 3420 traiectis
644 3361 815 3421 ulteriorem
841 3361 933 3438 ripam
960 3360 1056 3422 amnis

94 3440 190 3498 armis
213 3443 393 3507 obtinebant.
438 3449 552 3503 ceteros
573 3442 687 3503 accolas
712 3443 841 3512 fluminis
861 3443 1010 3506 Hannibal
1028 3449 1085 3503 etr

143 3551 169 3587 r.
188 3555 250 3596 nrvr
268 3563 337 3600 rans
356 3564 391 3598 11.
849 3533 888 3595 15
