2546 3936
185 193 248 256 156
363 207 458 248 aruns
470 207 502 248 x.
518 206 586 250 our.
603 193 630 250 8.
645 191 671 248 9.
689 181 728 268 [a.
742 209 774 250 u.
793 207 818 248 c.
831 193 892 249 454.
905 183 969 270 455]

185 373 242 435 que
258 355 323 415 erit.
356 372 547 435 enumquam
568 355 657 418 fando
672 355 793 418 audistis
809 354 950 436 patricios
967 355 1064 435 primo
1080 371 1149 419 esse

185 440 277 500 iactos
288 456 347 500 uon
359 437 395 500 de
406 439 487 500 caclo
499 441 655 510 demissos,
672 440 724 501 sed
734 441 786 519 qui
796 446 911 520 patrem
922 439 1001 500 ciere
1012 449 1146 518 possent,

145 523 217 582 tlid
233 522 363 584 estnihil
379 522 457 585 ultra
477 541 566 604 qnam
587 524 748 602 ingenuos?
780 521 931 584 consulem
949 524 1009 584 iam
1028 530 1147 602 patrem

184 609 263 668 ciere
277 625 411 686 possum,
437 625 580 686 avumque
592 609 650 668 iam
664 608 774 687 poterit
789 606 866 668 filius
880 624 973 668 meus.
1008 605 1082 667 nihil
1101 615 1147 668 est

184 691 263 752 aliud
284 693 317 751 in
338 709 387 762 re,
408 692 550 762 Quirites,
571 691 628 751 nisi
642 697 675 751 nt
691 691 788 752 omnia
810 696 915 770 negata
930 690 1144 769 adipiscamur:

184 782 334 836 certamen
346 782 459 836 tantum
470 775 587 854 patricii
597 781 702 855 petunt
712 792 768 834 nec
778 781 891 845 curant,
907 792 995 854 quem
1007 781 1146 834 eventum

144 867 174 918 12
185 861 378 920 certaminum
387 857 524 919 habeant.
551 856 1145 937 egohanclegemquodhonumiaustum

182 941 311 1023 felixque
325 945 363 1002 sit
375 941 503 1002 vobisne
518 943 562 1002 rei
579 940 728 1020 publicae,
745 943 787 1002 uti
800 959 888 1020 rogas
901 939 1143 1004 iubendam‘ceu·

158 1033 267 1088 lseo.“
310 1025 359 1086 IX.
387 1024 499 1086 Vocare
512 1024 605 1086 trihus
624 1023 771 1105 extemplo
793 1024 920 1106 populns
932 1024 1068 1095 iubebat,
1090 1044 1143 1104 ap·

182 1108 365 1188 parebatque
379 1109 472 1187 accipi
487 1106 597 1187 legem;
616 1108 666 1169 ille
681 1117 780 1170 tamen
795 1109 858 1170 dies
871 1109 1083 1171 intercessione
1100 1116 1146 1170 est

182 1191 322 1254 sublatus.
353 1199 472 1272 postero
491 1191 538 1253 die
555 1193 703 1254 deterritis
717 1193 844 1254 tribunis
865 1194 980 1271 ingenti
996 1210 1146 1253 consensu

155 1283 304 1357 uaccepta
327 1284 379 1338 est.
424 1277 577 1356 pontifices
598 1285 736 1338 creantur
760 1295 863 1339 suasor
885 1276 959 1355 legis
980 1276 1013 1337 P.
1037 1276 1145 1337 Decius

181 1359 260 1430 llus,
284 1362 317 1423 P.
331 1361 523 1441 Sempronius
538 1361 667 1442 Sophus,
690 1361 720 1423 G.
738 1361 865 1422 Marcius
884 1359 1013 1430 Rutilus,
1039 1359 1077 1420 ll.
1095 1360 1144 1419 Li·

181 1447 244 1506 vius
254 1445 379 1517 Denter,
395 1447 522 1526 quinque
538 1464 664 1525 augures
681 1447 752 1506 item
767 1444 804 1506 de
819 1444 920 1524 plebe:
937 1444 968 1506 G.
984 1443 1142 1513 Genucius,

181 1529 214 1590 P.
234 1529 333 1591 Aelius
358 1531 479 1600 Paetus,
501 1530 539 1590 M.
566 1530 711 1592 Minucius
730 1529 854 1599 Faesus,
885 1528 915 1590 C.
940 1527 1080 1598 Marcius,
1107 1527 1142 1588 T.

181 1611 333 1674 Publilius.
364 1615 405 1672 ita
421 1620 486 1674 octo
508 1613 696 1690 pontificum,
720 1630 825 1673 novem
840 1629 983 1690 augurum
1001 1628 1144 1672 numerus

182 1695 287 1756 iactus.

154 1787 171 1839 3
245 1778 357 1840 Eodem
372 1797 448 1840 anno
460 1779 497 1842 M.
513 1776 646 1840 Valerius
657 1777 760 1840 consul
773 1778 810 1839 de
824 1779 1032 1858 provocatione
1045 1777 1143 1857 legem

183 1860 251 1922 tulit
265 1862 433 1942 diligentius
448 1870 588 1924 sanctam.
615 1864 703 1922 tertio
720 1880 754 1924 ca
768 1870 831 1924 tum
844 1870 912 1941 post
925 1881 1011 1942 reges
1024 1870 1143 1924 exactos

158 1944 244 2006 alata
254 1952 311 2016 est,
328 1965 444 2026 semper
456 1966 472 2008 a
484 1945 593 2008 familia
605 1945 717 2008 eadem.
746 1963 863 2008 causam
878 1947 1063 2008 renovandae
1078 1964 1144 2008 sae·
1168 1950 1171 1954 '

182 2031 248 2109 pius
269 2031 348 2092 haud
366 2031 452 2092 aliam
473 2031 562 2092 luisse
576 2047 661 2100 reor,
685 2048 772 2109 quarn
794 2029 872 2108 quod
893 2029 958 2108 plus
981 2048 1143 2108 paucorum

183 2131 254 2192 opes
268 2133 355 2194 quam
371 2114 492 2176 libertas
505 2112 600 2194 plebis
616 2120 740 2193 poterat.
781 2113 885 2174 Porcia
900 2121 999 2176 tamen
1016 2113 1064 2175 lex
1080 2113 1143 2174 sola

183 2216 238 2276 pro
261 2205 344 2276 tergo
362 2200 467 2260 civium
481 2196 539 2259 lata
553 2199 683 2268 videtur,
707 2195 786 2278 quod
810 2199 891 2276 gravi
905 2216 1015 2277 poena,
1037 2199 1143 2278 siquis

154 2281 368 2346 everberasset
388 2290 559 2344 necassetve
574 2284 665 2343 civem
681 2283 861 2350 Romanum,
884 2283 993 2351 sanxit3
1026 2280 1144 2342 Valeria

183 2364 230 2426 lex
248 2385 314 2428 cum
331 2386 412 2438 eum,
428 2369 478 2448 qui
493 2373 695 2446 provocasset,
715 2366 806 2444 virgis
821 2365 905 2425 caedi
918 2367 1074 2444 securique
1090 2382 1143 2425 ue·

183 2452 245 2511 cari
271 2452 423 2523 vetuisset,
448 2452 474 2511 si
494 2453 559 2530 quis
586 2450 724 2510 adversus
745 2467 779 2510 ca
807 2447 941 2521 iecisset,
967 2447 1041 2510 nihil
1065 2447 1143 2510 ultra

155 2541 270 2615 equam
284 2534 435 2615 „inprobe
446 2535 582 2596 iactum“
599 2533 714 2594 adiecit.
743 2533 788 2603 id,
804 2535 928 2612 quitum
939 2533 1035 2613 pudor
1046 2531 1143 2592 homi·

183 2626 346 2690 numerat,
362 2620 455 2680 visum
467 2618 556 2679 credo
567 2617 715 2679 vinculum
727 2617 797 2678 satis
810 2615 937 2678 validum
947 2616 1030 2695 legis.
1062 2633 1143 2677 nunc

183 2705 230 2764 vix
242 2720 344 2764 servus
360 2721 411 2764 ero
425 2705 465 2764 ita
480 2704 611 2763 minetur
626 2703 788 2781 quisquam.

154 2795 170 2844 7
246 2785 359 2846 Bellum
378 2785 534 2847 abeodem
551 2784 672 2847 consule
695 2784 921 2864 haudquaquam
947 2783 1141 2847 memorabile

185 2867 323 2930 adversus
337 2866 515 2941 rebellantes
529 2869 664 2949 Aequos,
681 2885 749 2929 cum
763 2874 882 2948 praeter
898 2868 1010 2930 animos
1026 2869 1143 2931 seroces

155 2951 256 3014 8nihil
271 2970 308 3014 ex
321 2953 438 3032 antiqua
456 2952 574 3014 fortuna
590 2951 748 3021 haherent,
771 2957 885 3029 gestum
900 2959 954 3013 est.
979 2954 1054 3016 alter
1072 2971 1143 3014 con·

183 3037 229 3099 sul
244 3035 384 3119 Apuleius
404 3039 434 3097 in
456 3036 576 3098 Umbria
592 3036 760 3114 Nequinum
782 3035 922 3115 oppidum
943 3036 1142 3098 circumsedit.

183 3121 266 3183 locus
281 3129 345 3183 erat
357 3120 465 3183 arduus
477 3127 564 3201 atque
581 3122 613 3180 in
633 3126 718 3200 parte
735 3131 794 3180 una
816 3137 972 3200 praeceps,
993 3120 1046 3182 uhi
1063 3137 1143 3182 nunc

155 3207 292 3268 9Narnia
307 3208 362 3267 sita
376 3213 433 3277 est,
455 3224 511 3267 nec
528 3207 556 3266 vi
576 3222 632 3266 neo
653 3205 837 3266 munimento
852 3204 917 3283 capi
935 3211 1061 3283 poterat.
1089 3205 1143 3264 ita·

185 3308 242 3370 quc
268 3309 333 3351 eam
362 3290 500 3353 iniectam
527 3307 590 3350 rem
617 3289 656 3350 M.
682 3287 801 3348 Fulvius
826 3288 932 3348 Paetus
957 3289 991 3350 Τ.
1018 3285 1144 3350 Manlius

144 3379 175 3431 to
186 3373 352 3454 Torquatus
367 3376 434 3434 novi
449 3372 584 3435 consules
599 3379 785 3452 acceperuut.
819 3372 850 3432 iu
867 3389 935 3432 eum
949 3389 1059 3433 annum
1076 3388 1144 3432 cum

185 3458 219 3527 Q.
236 3457 359 3518 Fabium
379 3457 530 3518 consulem
553 3475 613 3517 non
634 3460 784 3535 petentem
806 3473 910 3517 omnes
925 3453 1059 3517 dicerent
1074 3472 1144 3515 oen·
