2542 3956
307 231 401 272 umen
415 232 492 272 xxm.
515 230 583 273 ose.
599 217 639 268 35.
658 217 699 272 36.
716 207 755 291 [a.
773 212 806 274 O.
821 209 882 294 tto]
1012 215 1073 280 293

119 381 200 449 Livio
217 379 320 446 consul
341 379 436 439 iuerat
451 387 480 440 et
500 379 685 440 damnatione
703 377 842 455 conlegae
864 385 894 438 et
915 398 967 440 sna
981 396 1074 458 prope

120 464 271 527 ambustus
289 473 434 532 eraserat,
451 462 590 523 infestum
606 461 715 540 plebei,
735 462 784 521 diu
801 477 835 521 ec
849 460 972 522 multum
987 480 1073 524 recun

119 555 232 608 sautem
248 546 284 608 ad
300 548 470 626 petitionem
494 545 641 625 conpellit.
674 547 699 604 is
714 545 848 625 proximo
870 546 1007 606 comitioli
1027 546 1102 607 diet

119 629 349 692 concedentibus
374 629 524 699 omnibns,
558 631 607 709 qui
632 647 698 689 cum
725 629 856 689 Varrone
881 635 1072 700 certaverant,

119 733 173 793 par
196 715 288 792 magis
308 716 340 774 in
363 712 573 773 adversandum
594 731 682 792 quam
702 713 824 790 conlega
841 710 927 772 datur
951 713 1072 774 consuli.

119 797 188 858 iude
199 805 367 877 praetorum
381 798 497 856 comitia
509 796 623 864 habito:
637 798 731 858 creati
739 796 776 856 M.
786 796 965 874 Pomponius
976 797 1101 857 Methot

120 889 150 940 et
169 880 200 940 P.
221 881 328 940 Furius
356 881 474 948 Philum
496 879 579 940 Philo
595 880 705 940 Romae
729 879 785 939 iuri
810 878 936 938 dicundo
961 879 1074 942 urbane

119 983 201 1032 sors,
217 964 378 1043 Pomponio
395 964 474 1023 iuter
487 965 557 1024 civis
572 963 721 1025 Romanos
741 970 770 1022 et
782 963 1073 1041 peregrinoserenit.
1147 1023 1153 1036 ,

119 1047 210 1108 additi
232 1048 289 1107 duo
310 1054 477 1126 praetores,
499 1045 536 1107 bl.
559 1046 696 1108 Claudius
717 1044 871 1108 Marcellus
890 1048 920 1104 in
937 1043 1103 1116 siciliamo

119 1131 150 1191 L.
167 1131 331 1190 Postumius
347 1129 469 1190 Albinus
489 1132 520 1188 in
536 1129 668 1190 Gelliam.
708 1145 811 1189 omnes
830 1129 967 1190 absentes
981 1131 1099 1190 orentii

118 1221 202 1283 suut,
223 1231 278 1274 nec
299 1215 435 1291 cuiquam
462 1229 564 1272 eornm
591 1220 709 1290 practer
726 1212 895 1272 Terentium
924 1212 1074 1274 consulem

118 1297 272 1357 mandatus
290 1294 384 1356 bonos
401 1312 488 1372 quem
504 1312 563 1354 non
583 1297 642 1356 iam
659 1303 744 1355 antea
762 1297 913 1372 gessisset,
932 1299 1074 1374 proeteri-

120 1381 156 1439 tis
171 1379 281 1458 aliquot
296 1377 420 1438 lortibus
436 1395 470 1438 ac
492 1379 619 1439 strenuis
638 1380 722 1448 viris,
749 1381 815 1457 qnia
829 1380 859 1438 in
877 1378 926 1440 tali
943 1387 1075 1460 tempore

119 1461 191 1522 nulli
207 1480 299 1521 novus
314 1461 501 1538 magistratus
515 1460 667 1522 ridebatur
682 1461 874 1524 mandandus.

184 1545 309 1606 xxxvi.
342 1545 496 1606 Exercitus
512 1549 628 1624 quoquc
643 1545 827 1626 multiplicati
844 1556 922 1611 sunt.
951 1553 1101 1626 quantael

119 1637 217 1690 autem
241 1631 341 1706 copiae
361 1628 491 1707 peditum
513 1630 701 1707 equitumque
721 1629 835 1690 additae
858 1632 929 1699 sint,
951 1629 1024 1691 adeo
1045 1637 1075 1690 et

5 1785 6 1788 Ἴ
119 1729 242 1772 numero
259 1721 288 1772 et
303 1729 411 1790 genere
426 1714 578 1790 copiarum
593 1714 706 1778 variant
719 1722 866 1785 auctores,
887 1721 920 1774 ut
934 1715 979 1774 rix
993 1715 1075 1794 quic·

118 1814 206 1876 qnam
224 1797 294 1856 satis
312 1805 424 1856 certum
441 1795 596 1856 adfirmare
616 1814 703 1857 ausus
717 1798 782 1856 sim.
810 1798 912 1859 decem
927 1796 1007 1858 milia
1022 1807 1103 1857 no-2

118 1897 221 1939 vorum
239 1879 362 1939 militurn
385 1877 432 1938 alii
456 1880 564 1958 scripta
587 1879 620 1939 in
642 1879 892 1960 supplementum,
916 1879 964 1941 alii
985 1897 1075 1941 noras

119 1970 256 2042 quattuor
268 1962 407 2040 legiones
421 1968 524 2022 utocto
536 1962 701 2040 legionibus
708 1981 771 2023 rem
784 1970 938 2040 gererent;
953 1981 1076 2024 numero
1089 1971 1107 2022 3

119 2063 236 2124 quoque
251 2045 383 2125 peditum
399 2048 588 2124 equitumque
599 2045 733 2123 'legiones
749 2054 848 2106 auctas
863 2045 981 2105 milibus
992 2047 1074 2125 pedi·

119 2136 181 2189 tum
203 2138 232 2190 et
251 2132 383 2190 centenis
410 2127 556 2206 equitibus
576 2129 606 2186 in
626 2128 755 2205 singulas
778 2129 912 2198 adiectis,
935 2135 967 2188 ut
987 2130 1073 2209 quina

119 2211 199 2273 milia
215 2213 362 2292 peditum,
379 2213 491 2271 treceni
509 2212 621 2289 equites
636 2220 748 2282 essent,
771 2213 843 2271 socii
859 2211 1004 2292 duplicem
1021 2231 1074 2273 nu·

120 2312 233 2355 merum
250 2297 380 2373 equitum
391 2293 504 2365 darent,
516 2293 622 2372 peditis
633 2301 801 2374 coquerent,
815 2293 943 2375 [septem
955 2303 985 2355 et
996 2305 1105 2356 octo-t

121 2380 201 2455 ginta
216 2377 295 2438 milia
310 2385 489 2438 armatorum
506 2384 535 2436 et
550 2389 581 2431 cc
595 2379 626 2437 in
641 2379 743 2438 eastris
753 2378 907 2448 Romanis,
924 2396 990 2439 cum
1002 2396 1075 2458 pug-

121 2467 221 2527 natum
236 2461 271 2521 ad
288 2461 401 2524 Cannas
419 2467 476 2529 est,
494 2460 612 2539 quitiam
628 2468 763 2522 auctores
782 2459 874 2540 sunt].
897 2461 969 2521 illud
984 2461 1104 2521 haud-b

121 2563 265 2625 quoquam
279 2545 433 2624 discrepat,
446 2545 557 2604 maiore
569 2551 676 2604 conatu
687 2551 773 2624 atque
783 2545 896 2624 impetu
905 2562 969 2604 rem
982 2553 1074 2605 actam

120 2647 207 2708 (quom
223 2628 370 2708 prioribus
386 2629 484 2698 annis,
506 2629 574 2707 quia
588 2645 671 2707 spem
685 2645 771 2707 posse
794 2628 871 2686 unci
885 2628 1000 2688 bostem
1016 2626 1075 2688 dic·

120 2721 198 2774 tator
215 2712 400 2791 praebuerat

184 2797 322 2860 Ceterum
339 2797 509 2874 priusquam
525 2795 607 2871 signa
623 2793 660 2854 ab
675 2792 749 2854 urbe
763 2811 855 2854 norae
869 2793 1000 2872 legiones
1014 2802 1105 2854 mot

122 2891 238 2957 vorent,
256 2880 412 2942 decemviri
427 2877 518 2939 libros
533 2877 614 2938 adire
628 2885 715 2955 atque
731 2878 876 2956 inspicere
891 2878 962 2938 iussi
987 2896 1075 2958 prop·

121 2976 166 3025 ter
181 2968 299 3027 territos
317 2963 402 3043 volgo
417 2965 552 3025 homines
568 2960 649 3022 noris
661 2961 818 3044 prodigiis:
838 2980 907 3024 nam
923 2969 952 3022 et
966 2961 1103 3022 Romaer

121 3051 151 3108 in
166 3050 307 3110 Aventino
331 3057 360 3110 et
381 3048 496 3111 Ariciae
513 3046 678 3110 nuntiatum
703 3056 766 3110 erat
789 3046 842 3108 sub
862 3049 939 3107 idem
961 3053 1076 3123 tempus

122 3131 267 3210 lapidibus
280 3133 416 3212 pluvisse,
432 3143 462 3193 et
478 3133 569 3193 multo
585 3146 691 3193 cruore
706 3133 789 3209 signa
804 3130 835 3189 iu
851 3130 980 3196 Sabinis,
1004 3129 1075 3189 ilae-

123 3214 178 3276 diis
193 3233 284 3294 equos
298 3215 379 3276 lonte
396 3214 489 3276 calido
502 3217 620 3289 pelides
634 3231 783 3282 manasse;
799 3211 830 3272 id
845 3212 961 3291 quidem
979 3213 1106 3280 etiams

123 3299 202 3379 quod
224 3301 340 3379 saepius
355 3299 516 3364 accideret,
537 3301 630 3376 magis
651 3296 789 3358 terrebat.
818 3304 847 3356 et
866 3297 896 3355 in
913 3296 956 3355 ria
972 3295 1075 3355 Forni-

124 3391 201 3454 cata,
219 3401 293 3464 quae
305 3383 341 3443 ad
358 3382 499 3461 Campum
512 3388 584 3452 erat,
601 3381 711 3460 aliquot
722 3381 856 3441 homiues
868 3379 904 3438 de
916 3377 996 3439 caelo
1007 3378 1077 3438 tecti

124 3469 338 3547 exanimatique
359 3466 485 3528 lucrant.
527 3482 561 3526 ca
584 3464 718 3545 prodigia
740 3481 776 3525 ex
802 3461 885 3524 libris
910 3466 1105 3542 procurans
