2546 3936
177 194 239 258 152
294 209 428 250 umuax.
444 208 512 250 oar».
529 196 555 248 4.
572 193 598 248 5.
616 183 655 268 [a.
672 209 702 248 u.
718 208 744 247 ο.
761 193 822 246 452.
840 183 928 264 (aas.)
944 182 1007 266 aar]

136 365 168 414 12
180 363 240 416 tem
257 355 294 415 ad
309 363 498 434 conspectum
512 355 642 435 undique
663 371 798 434 campum
818 351 932 433 prolata
955 351 1048 430 signa.
1077 353 1143 414 visa

177 437 274 517 legato
289 442 383 499 maior
398 441 492 508 acies,
518 457 606 518 quam
623 455 697 516 quae
715 437 751 497 ab
766 454 818 497 suo
832 436 979 515 praesidio
1000 437 1143 497 sustineri

180 531 288 602 posset.
314 525 412 602 itaque
425 540 554 602 propere
570 520 607 581 ad
623 521 796 581 dictatorem
812 519 918 582 auxilia
931 521 1055 581 accitum
1071 523 1142 580 mit·

152 607 225 674 itit:
251 607 366 668 interea
386 607 449 685 ipse
477 608 603 685 impetus
624 605 753 664 hostiurn
774 605 908 665 sustinet.
956 603 990 664 V.
1029 603 1143 664 Nuntio

150 687 273 751 aadlato
294 690 418 750 dictator
441 693 524 768 signa
547 689 619 749 ferri
639 706 674 748 ac
694 688 777 768 sequi
798 687 880 748 iubet
903 694 1041 748 armatos.
1087 689 1144 748 sed

177 772 322 835 celeriora
351 793 444 853 prope
471 775 570 834 omnia
598 773 723 850 imperio
750 779 848 841 eraut:
878 780 962 850 rapta
991 771 1142 850 extemplo

176 861 260 936 signa
272 877 426 936 armaque,
445 866 474 917 et
485 859 532 928 vix
544 855 580 916 ab
591 861 705 933 impetu
716 862 745 916 et
756 874 844 916 cursu
855 855 1042 917 tenebantur.
1072 873 1140 915 cum

178 945 223 1002 ira
246 941 283 1002 ab
305 950 425 1018 accepta
445 959 541 1018 nuper
565 939 648 1000 clade
669 938 852 1009 stimulabat,
878 947 941 1000 tum
966 939 1144 999 concitatior

149 1026 316 1086 3acoidens
338 1023 449 1083 clamor
473 1024 509 1083 ab
534 1025 719 1084 increscente
746 1024 917 1084 certamine.
941 1029 1067 1102 ,urgent
1087 1025 1143 1082 ita·

177 1127 235 1188 que
265 1107 314 1167 alii
342 1106 414 1167 alios
447 1108 663 1187 hortanturque
690 1107 861 1185 signiferos,
893 1114 925 1167 ut
953 1109 1034 1168 ocius
1061 1113 1142 1168 eant.

178 1211 236 1271 quo
252 1192 346 1270 magis
366 1191 538 1252 testinantes
556 1191 642 1251 videt¹
653 1191 793 1262 dictator,
815 1210 850 1251 eo
870 1191 1023 1270 inpensius
1041 1197 1143 1250 reten-

148 1283 220 1335 ttat
235 1293 340 1353 agmen
356 1293 390 1334 ac
404 1277 513 1336 sensim
527 1275 667 1336 incedere
682 1275 773 1336 iubet.
805 1275 921 1336 Etrusci
937 1281 1041 1336 contra
1057 1276 1141 1354 prin«

180 1361 257 1438 cipio
280 1361 367 1420 exciti
391 1377 509 1438 pugnae
531 1359 667 1420 omnihus
695 1360 787 1438 copiis
812 1359 944 1420 aderant.
998 1365 1027 1419 et
1050 1375 1143 1437 super

178 1443 251 1504 alios
277 1443 326 1503 alii
351 1445 487 1504 nuntiant
512 1444 648 1503 dictatori
671 1460 774 1504 omnes
795 1442 927 1520 legiones
947 1441 1143 1503 Etruscorum

179 1528 341 1607 capessisse
354 1545 484 1606 pugnam
502 1545 558 1586 nec
573 1528 632 1587 iam
646 1525 682 1586 ah
703 1527 764 1586 suis
785 1529 882 1587 resisti
902 1543 1004 1606 posse;
1028 1533 1057 1586 et
1077 1520 1144 1605 ipse

179 1613 275 1671 cernit
288 1630 324 1671 ex
338 1612 492 1688 superiore
503 1609 585 1680 loco,
605 1611 637 1668 in
652 1617 761 1689 quanto
773 1609 943 1672 discrimine
959 1609 1142 1688 praesidium

150 1701 266 1754 cesset.
310 1700 442 1753 ceterum
469 1693 539 1752 satis
563 1693 657 1753 lretus
679 1711 743 1753 esse
768 1695 857 1754 etiam
885 1712 965 1754 nnnc
987 1693 1142 1754 tolerando

179 1777 333 1837 certamini
346 1775 490 1852 legatum,
505 1793 560 1836 nec
571 1794 604 1836 se
618 1774 723 1854 procul
735 1774 838 1837 abesse
849 1777 974 1856 periculi
985 1777 1140 1847 uindicem,

177 1877 265 1939 quam
281 1860 408 1920 maxime
424 1858 483 1920 vult
504 1859 621 1937 fatigari
640 1861 770 1932 hostem,
793 1868 826 1922 ut
846 1861 970 1939 integris
991 1859 1143 1922 adoriatur

149 1942 288 2004 oviribus
300 1943 404 2004 sessos.
434 1961 611 2023 quamquam
629 1943 708 2004 lente
720 1945 900 2022 procedunt,
917 1946 977 2005 iam
993 1951 1093 2006 tamen
1105 1943 1142 2006 ad

178 2029 312 2105 inpetum
325 2026 518 2107 capiundum,
532 2029 625 2108 equiti
635 2029 751 2106 utique,
766 2028 917 2089 modicum
928 2036 992 2089 erat
1003 2029 1140 2109 spatium.

177 2113 274 2191 prima
292 2110 471 2172 incedebant
491 2113 574 2189 signa
595 2111 759 2190 legionum,
784 2113 907 2192 nequid
928 2111 1076 2174 occultum
1091 2119 1143 2172 aut

177 2195 365 2273 repentinum
380 2195 473 2256 hostis
487 2198 622 2265 timeret:
643 2197 696 2257 sed
712 2196 873 2278 reliquerat
887 2195 1041 2257 intervalla
1063 2197 1142 2257 inter

180 2278 300 2340 ordines
320 2278 465 2357 peditum,
488 2299 545 2359 qua
562 2281 633 2341 satis
645 2279 712 2341 laxo
727 2283 821 2360 spatio
838 2282 907 2360 equi
926 2281 1058 2360 permitti
1073 2299 1142 2359 pos·

149 2370 253 2423 7sent.
288 2364 400 2442 pariter
421 2363 538 2426 sustulit
559 2363 718 2425 clamorem
746 2366 823 2425 acies
850 2371 879 2424 et
899 2366 1023 2426 emissus
1051 2381 1143 2443 eques

178 2445 273 2508 libero
291 2464 380 2508 cursu
393 2448 425 2507 in
439 2448 555 2509 hostem
570 2449 718 2509 invehitur
736 2449 987 2529 inconpositisque
1002 2448 1143 2509 adversus

150 2537 345 2610 8equestrem
359 2531 520 2611 procellam
535 2530 664 2592 subitum
679 2549 818 2611 pavorem
836 2532 969 2594 offundit.
1000 2533 1098 2611 ltaque
1110 2539 1143 2593 ut

176 2633 272 2694 prope
292 2633 392 2676 serum
412 2615 552 2676 auxilium
572 2617 631 2676 ianr
652 2633 747 2695 paene
769 2618 992 2688 circumventis,
1012 2617 1053 2677 ita
1075 2617 1142 2677 uni·

178 2717 262 2760 versa
281 2700 398 2778 requies
413 2698 479 2760 data
496 2708 549 2761 est.
576 2700 685 2778 integri
706 2717 848 2779 accepere
861 2719 1007 2780 pugnam,
1029 2718 1085 2761 nec
1108 2719 1143 2760 ea

151 2784 243 2860 teipsa
265 2781 353 2858 longa
374 2791 424 2842 aut
445 2801 553 2861 anceps
574 2783 638 2844 suit.
672 2782 732 2845 susi
758 2785 858 2844 hostes
877 2794 972 2847 castra
993 2791 1140 2864 repetunt,

179 2864 434 2943 inferentibusque
448 2869 506 2925 iam
530 2867 613 2944 sigua
629 2867 770 2929 Romanis
788 2866 896 2929 cedunt
910 2876 940 2929 et
962 2870 994 2928 iu
1008 2868 1142 2929 ultimam

138 2957 170 3007 10
181 2956 346 3010 castrorum
361 2956 476 3027 partem
491 2949 713 3026 conglobantur.
742 2951 868 3011 haerent
884 2953 1030 3030 fugientes
1045 2953 1077 3011 in
1089 2969 1142 3012 an·

180 3033 283 3110 gustiis
308 3039 476 3111 portarum;
500 3052 569 3113 pars
595 3052 700 3112 magna
726 3051 866 3114 aggerem
885 3037 1051 3116 vallumque
1070 3053 1141 3096 cou-

179 3117 308 3188 scendit,
338 3119 363 3178 si
389 3126 438 3180 aut
456 3137 493 3180 ex
513 3120 666 3198 superiore
687 3117 752 3180 loco
775 3120 852 3180 tueri
873 3138 904 3180 se
928 3129 978 3182 aut
999 3137 1141 3198 superare
1164 3133 1168 3144 ·

140 3201 278 3280 italique
292 3208 322 3262 et
336 3203 458 3278 evadere
481 3211 589 3284 posset.
618 3204 694 3265 torte
709 3203 836 3283 quodam
856 3203 922 3264 loco
942 3202 1018 3264 male
1036 3203 1141 3264 densa·

179 3293 225 3346 tus
249 3303 339 3364 agger
364 3287 495 3365 pondere
520 3289 749 3368 superstantium
777 3289 809 3348 in
834 3287 943 3349 fossam
969 3286 1140 3366 procubuit:

180 3375 267 3447 atque
289 3387 339 3439 ea,
363 3389 430 3431 cum
451 3371 521 3433 deos
539 3372 670 3451 paudere
689 3373 765 3432 viam
790 3373 877 3449 fugae
898 3371 1140 3438 conclamassent,

139 3458 171 3508 12
182 3449 283 3531 plures
296 3453 427 3514 inermes
438 3473 525 3537 quam
543 3455 647 3516 armati
664 3455 798 3516 evadunt.
831 3457 888 3516 hoc
903 3453 1018 3538 proelio
1030 3453 1141 3513 tractae
