2542 3956
192 225 255 288 338
388 240 482 282 emsa
495 239 587 285 xxnt.
599 237 668 282 cte.
687 225 727 280 19.
744 215 784 300 [a.
800 240 831 280 u.
847 239 874 282 c.
889 215 953 299 5381

168 403 184 454 1
258 387 333 450 xix.
365 388 503 449 Ceterum
519 387 692 448 mitescente
705 386 873 448 iamhieme
886 385 992 446 educto
1008 383 1164 448 exbiber-

163 474 243 534 2nis
270 470 363 536 milite
386 470 544 533 Casilinum
572 470 659 531 redit.
694 469 747 530 ubi
769 487 947 550 quamquam
980 468 1018 530 ab
1043 487 1164 548 oppug-

197 557 319 618 natione
344 561 490 616 cessattrm
515 562 593 625 erat,
625 551 739 614 obsidio
774 560 874 614 umen
906 553 1047 614 continua
1077 555 1164 632 oppi·
1256 609 1257 620 ,

197 640 290 702 darios
321 639 557 719 praesidiumque
592 637 630 698 ad
656 634 793 698 ultimum
825 637 943 716 inopiae
985 635 1161 698 adduxerat
1256 627 1257 676 l

168 725 303 786 acastris
317 723 460 786 Romanis
471 722 516 784 Ti.
537 721 729 801 Sempronius
744 727 882 800 praeerat
897 719 1041 780 dictatore
1063 721 1164 798 auspi·

168 810 312 868 sciorum
327 806 558 887 repetendorum
575 822 664 866 causa*
675 804 808 884 prolecto
823 803 957 864 Romam.
986 801 1163 864 Marcellum

107 923 110 930 ·
199 899 228 954 et
251 893 349 971 ipsum
377 891 544 970 cupientem
568 889 648 949 terre
675 887 815 949 auxilium
837 887 966 948 obsessis
991 894 1022 947 et
1042 885 1162 948 Voltur·
1256 965 1257 968 Ἴ

198 993 255 1037 nus
288 977 383 1038 amnis
417 973 534 1034 inflatus
560 974 648 1052 aquis
671 979 701 1032 et
729 989 834 1052 preces
859 969 1042 1034 Nolanorum
1075 977 1163 1050 atrpte

199 1060 416 1120 Acerranorum
431 1057 584 1127 tenebant,
609 1057 774 1134 Campanos
794 1056 976 1124 timentium,
998 1055 1025 1114 si
1048 1056 1163 1133 praesi-

170 1142 281 1202 seium
303 1141 470 1202 Romanum
488 1139 687 1202 abscessisset.
724 1139 875 1202 Gracchus
893 1137 1031 1200 adsidens
1045 1144 1162 1198 tantum
1256 1135 1257 1138 ’

199 1223 342 1295 Casilina,
359 1226 427 1304 quia
441 1225 624 1304 praedictum
637 1230 701 1284 erat
716 1223 880 1292 dictatoris,
904 1221 1026 1303 nequid
1037 1220 1162 1282 mseute
1256 1257 1257 1286 ;

200 1328 235 1370 eo
257 1311 303 1370 rei
323 1317 457 1387 gereret,
486 1307 559 1370 nihil
582 1306 733 1378 merebat,
762 1321 940 1388 quamquam
966 1325 1041 1386 quae
1077 1305 1163 1366 iacile

171 1402 317 1456 bononem
328 1394 498 1472 patientiam
508 1394 662 1454 vincerent
676 1390 915 1452 nuntiabantura
932 1390 1077 1452 Casilino:
1094 1407 1161 1450 uam

200 1485 230 1540 et
249 1479 458 1558 praecipitasse
479 1495 512 1538 se
533 1476 675 1557 quosdam
696 1493 757 1536 nou
776 1474 938 1536 tolerantes
959 1475 1071 1534 tamem
1089 1491 1163 1534 cou-

199 1560 302 1631 stabat,
321 1569 350 1621 et
357 1569 435 1622 stare
445 1562 575 1622 inermes
590 1561 620 1622 in
633 1561 728 1620 muris
737 1559 947 1638 nudacorpora
958 1557 996 1618 ad
1007 1556 1164 1620 missilium
1256 1617 1257 1634 q

171 1643 327 1705 ttelorum
341 1647 417 1706 ictus
429 1644 615 1725 praebentes.
637 1663 670 1704 ea
683 1661 771 1722 aegre
787 1643 902 1722 patiens
915 1641 1079 1712 Gracchus,
1096 1658 1163 1702 cum
1256 1641 1257 1690 l

200 1745 296 1806 neque
319 1746 448 1806 pugnam
475 1745 632 1788 conserere
654 1727 804 1788 dictatoris
829 1727 941 1786 iniussu
969 1723 1096 1786 auderet
1122 1756 1164 1769 -

171 1819 188 1867 8
199 1811 390 1954 ppquandum
410 1817 507 1869 aretem
524 1829 603 1953 elsse,
625 1811 650 1907 si
670 1810 766 1890 palam
786 1810 970 1910 trumentum
987 1810 1162 1952 inportaret,
1256 1889 1257 1892 Ἴ

201 1894 1164 2058 ttnttmtttttttttttttstttt‘esbt

202 2064 337 2124 nuntium
358 2061 395 2122 ad
416 2063 618 2140 magistratum
640 2060 799 2122 Casilinum
819 2063 914 2133 misit,
936 2069 970 2123 ut
991 2061 1164 2140 exciperent
1256 2071 1257 2086 t

172 2145 286 2216 odolla,
302 2164 376 2224 quae
389 2147 482 2206 amuis
494 2146 632 2208 deterret.
655 2147 822 2226 insequenti
832 2153 919 2206 nocte
933 2145 1058 2206 intentis
1067 2145 1162 2204 omni·

200 2229 256 2290 bus
271 2231 302 2289 in
322 2229 433 2290 ilumeu
453 2247 487 2290 ac
508 2247 591 2309 spem
614 2229 651 2290 sb
680 2231 783 2292 nuntio
802 2229 934 2290 Romano
957 2229 1067 2291 iactam¹
1088 2225 1163 2288 dolia

201 2313 299 2373 medio
315 2314 403 2384 missa
419 2315 499 2374 amni
514 2314 715 2382 deduxerunt,
731 2312 951 2393 aequaliterque
966 2314 1046 2374 inter
1060 2327 1164 2372 omues

159 2405 192 2454 10
203 2398 384 2457 trumentum
411 2395 545 2458 divisum.
591 2397 622 2457 id
649 2404 768 2478 postero
795 2415 912 2478 quoque
941 2396 990 2458 die
1015 2414 1051 2456 ac
1075 2395 1164 2456 tertio

202 2481 311 2541 iactum
328 2487 387 2542 est:
405 2487 492 2542 nocte
507 2488 537 2541 et
551 2480 741 2542 mittebantur
756 2487 785 2542 et
799 2479 1026 2561 perveniebant;
1049 2497 1087 2541 eo
1099 2495 1163 2540 eus·

160 2571 191 2621 11
204 2563 313 2625 stodias
327 2563 456 2626 hostiurn
468 2563 618 2627 fallebant.
649 2564 794 2625 imbribus
809 2565 915 2626 deinde
928 2565 1077 2626 continuis
1092 2564 1162 2623 cita·

201 2649 259 2707 tior
276 2647 361 2708 solito
377 2651 471 2710 amnis
488 2657 655 2710 transverso
671 2649 778 2710 vertice
794 2647 869 2709 dolia
882 2647 989 2729 inpulit
1005 2647 1043 2708 ad
1057 2648 1161 2726 ripam.
1256 2677 1257 2680 ¹

202 2750 290 2809 quam
305 2732 405 2792 hostes
422 2734 588 2794 servabant.
624 2733 667 2793 ibi
686 2733 838 2794 haerentia
862 2735 940 2792 inter
964 2731 1072 2792 obnata
1090 2731 1162 2809 ripis
1256 2729 1257 2792 ὲ

201 2813 304 2873 salicta
329 2817 563 2892 conspiciuntur,
595 2818 819 2896 nuntiatumque
848 2815 1005 2876 llaunibali
1040 2821 1099 2884 est,
1134 2820 1162 2874 et
1256 2861 1257 2870 ,

202 2895 309 2956 deinde
324 2899 481 2958 intentiore
502 2900 634 2960 custodia
655 2908 788 2967 cautium,
813 2917 850 2960 ne
875 2901 946 2980 quid
963 2897 1080 2960 falleret
1095 2896 1161 2957 Vol·

160 2987 291 3042 laturae
307 2979 342 3040 ad
358 2979 464 3042 urbem
478 2983 609 3042 missum.
644 3000 735 3045 nuces
756 2991 853 3045 tamen
868 2983 950 3044 lusae
971 2983 1008 3042 ab
1022 2982 1163 3044 Romanis
1256 2979 1257 3036 ἐ

202 3064 307 3127 castris
322 3083 389 3126 curn
403 3064 501 3128 medio
516 3067 596 3126 amni
613 3066 649 3126 ad
661 3066 820 3128 Casilinum
836 3066 1015 3137 defluerent,
1031 3063 1163 3128 cratibus
1256 3119 1257 3122 ,

160 3148 435 3228 laexcipiebantur.
469 3157 619 3229 postremo
643 3150 680 3213 ad
704 3151 874 3212 idrontum
899 3151 1017 3230 inopiae
1042 3157 1105 3219 est,
1130 3157 1163 3208 ut

201 3232 264 3293 lora
275 3234 480 3312 detractasque
494 3235 584 3295 scutis
595 3233 698 3314 pelles,
714 3234 765 3295 ubi
777 3234 889 3295 fervida
900 3233 1066 3295 mollissent
1077 3249 1161 3312 aqua.

200 3315 342 3376 mandere
357 3324 536 3378 conarentur
557 3337 612 3379 nec
634 3317 769 3380 muribus
783 3316 879 3378 aliove
898 3317 1018 3378 animali
1034 3316 1163 3378 abstine·
1256 3351 1257 3374 η

200 3404 268 3455 rent
282 3407 312 3456 et
332 3416 419 3459 omne
438 3399 597 3461 herbarum
612 3401 803 3480 radicumque
823 3419 917 3480 genus
938 3400 1098 3480 aggeribus
1119 3401 1162 3458 in·
1256 3445 1257 3480 ,

154 3483 192 3532 14
202 3475 279 3535 timis
292 3482 371 3539 muri
391 3489 539 3542 eruerent.
569 3491 680 3546 etcum
705 3487 805 3547 hostes
825 3484 999 3552 obarassent
1019 3481 1163 3563 quidquid
1256 3487 1257 3546 l
