2542 3956
175 221 236 286 358
340 233 434 277 uraca
448 231 538 278 mn.
557 231 627 278 can.
638 221 682 276 tt.
696 219 739 273 38.
757 210 797 295 [a.
815 235 845 276 u.
865 235 890 275 e.
904 211 967 296 aaa]

147 384 221 444 odie
234 381 355 444 obsesso
366 399 454 462 quam
465 381 612 444 obsidenti
625 380 749 443 similior
762 389 839 442 esset
852 381 978 444 Poenus.
1002 380 1039 442 ad
1050 381 1130 444 milla

175 467 300 529 trecenti
308 465 593 544 Carthaginiensium
604 466 683 528 caesi
695 473 725 526 et
736 465 964 544 undesexaginta
976 466 1032 526 riri
1043 467 1131 546 capti,
1241 509 1242 518 ,

175 553 226 632 qul
251 552 329 613 circa
355 567 456 612 muros
478 558 508 612 et
531 551 562 611 in
585 548 759 612 stationibus
778 549 872 612 solute
891 567 925 610 ac
942 548 1136 629 neglegenter
1241 587 1242 592 κ

175 643 312 714 agentes,
338 653 404 696 cum
420 633 494 696 nihil
521 636 619 696 minus
643 651 730 714 quam
749 635 935 714 eruptionem
959 635 1130 706 timuissent,

147 728 212 782 tex
226 719 375 800 inproviso
397 720 531 798 oppressi
555 718 681 781 lucrant.
719 717 885 787 Gracchus,
906 719 1079 798 priusquam
1102 737 1129 780 se

177 805 277 866 hostes
291 803 327 865 ab
348 803 504 884 repentino
525 821 634 882 pavore
655 801 841 881 colligerent,
863 803 998 882 receptui
1017 803 1131 880 signum

147 895 164 947 8
178 887 256 949 dedit
273 906 308 950 ac
322 905 391 950 suos
405 889 483 949 intra
496 905 597 950 muros
613 887 734 966 recepit.
770 893 889 966 postero
911 886 958 948 die
976 885 1129 958 Hannibal,

175 970 285 1034 laetum
297 971 426 1034 secunda
438 970 628 1033 reconsulem
639 972 716 1032 iusto
728 969 841 1050 proelio
853 978 1129 1041 ratuscertaturum,

147 1057 269 1117 taciem
280 1057 358 1118 inter
374 1063 468 1118 castra
484 1061 571 1134 atque
585 1054 690 1116 urbem
706 1055 854 1116 instruxit.
883 1062 1032 1126 ceterum,
1050 1063 1130 1135 post·

177 1159 265 1218 quam
280 1141 429 1200 neminem
445 1140 556 1201 moveri
577 1138 614 1201 ab
636 1138 721 1201 solita
742 1139 872 1201 custodia
889 1139 974 1200 urbis
991 1138 1064 1200 vidit
1077 1155 1132 1200 nec

176 1223 321 1366 lomim
340 1225 498 1304 quicquam
519 1225 694 1286 temerariae
714 1225 791 1304 spei,
817 1223 852 1285 ad
872 1223 968 1285 Tifata
992 1222 1067 1284 redit
1086 1223 1129 1282 in·

189 1313 253 1368 ecta
266 1324 311 1369 re.

136 1397 168 1450 ιο
243 1390 354 1464 Quibus
372 1389 475 1453 diebus
490 1392 597 1453 Cumae
614 1390 755 1454 liberatae
770 1398 838 1453 sunt
854 1389 1024 1462 obsidione,
1040 1387 1131 1452 isdem

176 1475 280 1538 diebus
296 1477 371 1538 etin
391 1476 517 1538 Lucanis
532 1475 568 1538 ad
584 1475 779 1538 Grumentum
795 1475 839 1538 Ti.
858 1475 1065 1554 Sempronius,
1087 1475 1133 1535 cui
1241 1517 1242 1556 p

177 1560 278 1640 Longo
300 1577 465 1640 cognomen
489 1567 567 1630 arat,
599 1577 666 1622 cum
691 1560 835 1622 Hannone
863 1559 962 1620 Poeno
989 1575 1133 1640 prospere
1241 1579 1242 1584 ¹

137 1649 165 1701 11
179 1651 299 1723 pugnat.
329 1662 418 1724 supra
443 1644 501 1706 duo
521 1643 600 1706 milia
620 1644 772 1706 hominum
795 1643 914 1714 occidit,
941 1650 969 1704 et
990 1643 1134 1704 ducentos
1241 1701 1242 1724 ,

178 1729 326 1806 octoginta
346 1727 453 1789 milites
480 1729 591 1796 amisit;
619 1730 703 1806 signa
725 1727 861 1790 militaria
884 1728 921 1788 ad
941 1727 1131 1806 quadraginta
1241 1769 1242 1780 ,

176 1829 268 1873 unum
283 1813 370 1889 cepit.
403 1809 504 1890 pulsus
518 1810 625 1872 tinibus
640 1812 765 1873 Lucanis
780 1812 886 1874 Hanno
900 1818 980 1872 retro
991 1811 1027 1870 'in
1044 1809 1133 1871 Brut·
1241 1829 1242 1880 3

136 1901 166 1952 12
179 1895 234 1955 tios
249 1911 314 1954 sese
329 1895 450 1974 recepit.
477 1900 506 1954 et
517 1912 553 1956 ex
559 1894 692 1976 Hirpinis
701 1896 807 1976 oppida
819 1897 891 1966 tria,
905 1913 980 1974 quae
993 1913 1009 1956 a
1024 1891 1133 1975 populo

176 1977 501 2048 Romanodaiecerant,
518 1980 546 2038 vi
557 1987 676 2058 recepta
688 1998 741 2058 per
747 1980 784 2040 ld.
794 1979 942 2041 Valerium
955 1986 1133 2058 praetorem,
1241 2011 1242 2044 ;

176 2062 352 2124 Vercellium
375 2061 549 2125 Vescellium
570 2061 736 2132 Sicilinum,
758 2071 787 2124 et
803 2071 938 2125 auctores
960 2062 1134 2124 deiectionis
1241 2055 1242 2128 l

177 2149 275 2208 securi
288 2147 430 2226 percussi.
457 2135 545 2226 supra
557 2149 686 2229 quinque
700 2145 779 2209 milia
791 2148 972 2229 captivorum
984 2145 1038 2208 sub
1050 2145 1134 2206 hasta

137 2237 168 2290 13
181 2231 350 2300 venierunt;
365 2229 475 2310 praeda
490 2229 545 2292 alia
563 2232 649 2294 militi
666 2249 805 2294 concessa
822 2232 1026 2312 exercitusque
1040 2231 1134 2291 Luce·

177 2315 414 2377 riamreductus.
1241 2311 1242 2392 l

150 2407 162 2456 1
239 2397 390 2460 XXXVIII.
432 2399 507 2460 llum
529 2399 602 2460 baec
625 2401 655 2460 in
679 2397 805 2462 Lucanis
830 2409 917 2480 atque
945 2400 976 2460 in
1001 2397 1136 2478 Hirpinis
1241 2395 1242 2490 l

177 2490 335 2561 geruntur,
353 2484 481 2562 quinque
496 2501 598 2554 naves,
615 2501 690 2563 quae
707 2483 900 2546 Macedonum
915 2491 1003 2562 atque
1019 2482 1137 2544 Poeno·
1241 2493 1242 2584 p

176 2585 243 2628 rum
258 2574 358 2646 captos
373 2566 485 2645 legatos
499 2567 622 2629 Romam
641 2567 813 2646 portabant,
831 2568 867 2629 ab
883 2582 991 2648 supero
1007 2567 1083 2627 mari
1098 2565 1137 2627 ad

147 2651 304 2713 tiniarum
326 2652 539 2713 circum-vectae
565 2669 659 2732 prope
685 2670 803 2714 omnem
820 2651 919 2713 ltaliae
937 2669 1035 2721 oram,
1066 2668 1136 2712 cum

178 2743 297 2812 practer
309 2735 415 2798 Cumas
426 2734 497 2796 vebs
508 2735 668 2806 terrentur,
684 2754 780 2816 neque
795 2736 922 2798 hostium
934 2754 971 2797 an
985 2735 1137 2796 sociorum

177 2826 274 2878 essent
289 2821 359 2881 satis
373 2820 512 2890 sciretur,
530 2820 680 2882 Gracchus
692 2818 807 2882 obviam
823 2839 860 2882 ex
873 2819 965 2882 classe
977 2838 1030 2881 sua
1045 2835 1137 2880 naves

145 2901 264 2962 ambit.
307 2919 372 2962 cum
396 2903 616 2982 percunctando
636 2905 668 2965 in
689 2907 781 2966 vicem
798 2905 946 2984 cognitum
969 2911 1047 2966 esset
1061 2911 1136 2963 con·
1241 2877 1242 2926 l

176 2982 269 3046 sulem
291 2985 389 3046 Cumis
407 3001 485 3055 esse,
512 3002 600 3046 nares
625 2988 730 3048 Cumas
751 2987 889 3069 adpulsae
911 2989 1076 3067 captivique
1099 2984 1139 3048 ad

148 3079 164 3126 4
177 3068 326 3131 consulem
340 3067 458 3130 deducti
472 3075 501 3130 et
515 3067 630 3130 litterae
645 3069 740 3132 datae.
773 3071 876 3135 consul
889 3071 995 3133 litteris
1005 3068 1143 3150 Philippi

176 3162 263 3233 atque
278 3151 450 3214 Hannibalis
470 3151 608 3232 perlectis
631 3155 800 3234 consignata
823 3157 921 3217 omnia
941 3155 977 3216 ad
998 3163 1140 3216 senatum

143 3245 165 3295 ,o
176 3239 282 3299 itinere
297 3237 431 3298 terrestri
448 3238 543 3309 misit,
560 3236 682 3300 navibus
698 3239 801 3300 devehi
816 3239 927 3317 legatos
942 3241 1036 3301 iussit.
1066 3254 1141 3299 cum

177 3321 281 3384 eodem
301 3320 364 3382 iere
390 3319 437 3382 die
461 3320 576 3383 litterae
604 3321 747 3402 legatique
766 3323 890 3385 Romam
915 3325 1080 3393 venissent,
1108 3332 1142 3384 et
1241 3331 1242 3420 ζ

178 3406 417 3480 percunctatione
432 3403 507 3466 lacta
527 3405 602 3467 dicta
619 3424 687 3468 cum
701 3408 819 3486 scriptis
834 3416 1050 3486 congruerent,
1074 3405 1142 3485 pri·

176 3501 228 3543 mo
244 3491 340 3561 gravis
356 3505 427 3549 cura
438 3497 538 3568 patres
549 3491 670 3552 incessit
686 3498 856 3564 cernentes,
875 3501 984 3574 quanta
998 3493 1046 3554 rix
1063 3490 1145 3554 tole-
