2542 3956
287 216 380 262 omen
394 218 484 265 xxm.
501 217 567 262 oar.
581 204 623 262 19.
639 205 682 262 20.
699 197 739 282 [a.
752 201 788 266 0.
802 198 864 283 tlt]
1013 207 1075 271 339

1 405 2 440 ;
118 335 235 428 herbidi
261 367 373 428 terreni
395 373 477 428 entra
498 384 615 428 murum
642 377 719 439 erat,
741 387 880 448 naporum
901 386 1002 432 semen
1029 372 1075 434 ln·

118 452 266 521 iecerunt,
282 456 315 510 ut
325 448 470 512 llanoibal
487 469 587 522 „eone
602 470 708 531 usque,
726 452 796 514 dum
808 471 841 514 ea
857 464 1024 526 nascantur,
1038 455 1075 518 ad

119 532 276 598 Casibnmn
291 550 426 595 sessurus
439 535 549 596 sum.i“
578 534 769 606 exclamarem
786 544 815 597 et
832 538 883 616 qui
895 537 1006 601 nullam
1022 557 1073 600 an·
1085 544 1118 597 15

1 627 2 631 ’
119 626 165 680 tea
181 618 348 697 pactionem
363 617 482 679 auribus
497 618 668 690 ademerat,
696 628 756 682 tum
772 621 890 682 demum
913 625 961 701 agi
974 641 1074 685 secum

119 708 163 764 est
177 718 280 778 passus
296 700 333 762 de
352 701 555 781 redemptione
570 701 733 765 liberorum
751 707 888 784 capitum.
917 714 1074 786 septunces
1086 712 1119 765 16

119 785 183 847 auri
194 786 229 846 in
237 784 369 864 singulos
378 787 505 864 pretium
522 789 667 850 convenio
694 788 752 850 lide
764 795 884 868 accepta
894 790 1078 852 tradiderunt

119 887 193 930 sese.
220 868 314 930 donec
327 887 413 931 omne
425 888 528 932 aarum
541 870 723 950 persolutum
736 880 788 942 est,
800 873 830 932 iu
840 873 963 934 vinculis
974 873 1074 944 habiti,

119 961 182 1016 tum
205 955 320 1014 remissi
343 972 456 1014 summa
479 972 546 1016 cum
568 954 634 1016 lide.
676 956 707 1016 id
729 958 826 1018 verius
856 965 900 1018 est
922 976 1010 1038 qum
1038 956 1118 1018 &li

119 1038 216 1117 equita
228 1037 258 1098 in
271 1036 405 1098 abeuntis
416 1039 538 1098 inmisso
549 1039 731 1100 interiectos.
755 1041 942 1102 Praenestini
950 1042 1077 1102 mamma

118 1139 187 1201 pars
208 1121 301 1182 fuere.
338 1140 374 1182 ex
395 1123 562 1201 quingentis
581 1125 778 1200 septuaginta,
808 1127 859 1204 qui
878 1127 910 1185 in
929 1125 1077 1206 praesidio

118 1206 251 1276 iuuerunt,
267 1206 365 1265 miuus
377 1205 530 1266 dimidium
544 1205 656 1266 ferrum
668 1207 818 1287 famesque
835 1208 1012 1289 absumpsit:
1029 1227 1078 1270 ce·

120 1291 176 1350 teri
193 1287 356 1349 incolumes
369 1289 528 1350 Praeneste
551 1307 617 1349 cum
633 1299 770 1369 praetore
791 1309 844 1351 suo
865 1293 903 1354 M.
919 1295 1021 1353 Anicio
1037 1329 1078 1336 -

1 1375 2 1424 ἒ
119 1371 215 1434 scriba
230 1372 259 1433 is
268 1379 353 1433 autea
365 1371 462 1433 iuerat
475 1407 517 1418 -
531 1372 692 1435 redierunt.
722 1382 815 1436 statua
829 1377 891 1436 eius
902 1375 1012 1436 indicio
1023 1375 1080 1436 suit
1088 1380 1120 1432 18

1 1483 2 1520 ;
120 1458 280 1518 Praeroeste
299 1457 331 1516 in
353 1456 418 1517 loro
438 1463 562 1526 statuta,
584 1455 719 1529 loricata,
746 1461 852 1520 amicta
880 1467 963 1538 toga,
983 1458 1079 1522 velato

120 1542 218 1619 capite
232 1539 277 1621 [et
292 1541 352 1601 tria
364 1540 461 1622 signa]
484 1559 551 1602 cum
565 1539 650 1602 titulo
668 1541 784 1603 lamnae
799 1561 908 1604 aeneae
925 1545 1077 1622 insculpto,

1 1642 2 1709 ᾗ
118 1622 163 1686 Μ.
176 1625 311 1686 Anicium
325 1642 383 1705 pro
393 1624 544 1695 militibus,
560 1627 611 1705 qui
624 1625 742 1687 Casilini
756 1628 785 1686 in
798 1628 948 1706 praesidio
960 1627 1077 1698 luerint,

120 1716 218 1770 votum
231 1707 359 1770 solvisse.
384 1709 463 1770 idem
477 1708 577 1770 titulus
588 1709 684 1769 tribus
698 1712 789 1788 signis
801 1713 832 1770 in
844 1711 917 1771 aede
931 1711 1079 1772 Fortunae

120 1795 223 1872 positis
235 1792 291 1852 init
304 1791 463 1854 subiectus.
507 1793 569 1854 XX.
599 1792 757 1854 Casilinum
772 1794 916 1872 oppidum
930 1794 1078 1855 redditum
1092 1800 1105 1849 1

121 1877 277 1956 Campanis
285 1882 338 1946 est,
351 1877 498 1937 firmatum
506 1877 761 1956 septingentorum
769 1879 895 1938 militum
904 1879 939 1937 de
947 1881 1079 1938 exercitu

119 1959 290 2022 Hannibalis
314 1960 477 2040 praesidio,
504 1978 560 2030 ne,
579 1959 631 2020 ubi
651 1961 768 2020 Poenus
791 1960 860 2019 inde
881 1961 1078 2030 abscessisset,

1 2063 2 2096 2
120 2044 244 2105 Romani
266 2051 480 2123 oppugnarent.
518 2044 718 2104 Praenestinis
733 2043 873 2102 militibus
888 2050 1006 2104 senatus
1021 2043 1107 2103 Ro-2

1 2137 2 2162 l
120 2146 224 2189 manus
241 2127 350 2206 duplex
365 2127 543 2206 stipendium
565 2133 594 2186 et
619 2127 802 2206 quinquenni
816 2126 937 2187 militiae
952 2129 1078 2188 vacatio·

120 2231 189 2272 nem
206 2210 343 2271 decrevit.
373 2212 487 2271 civitate
503 2229 570 2271 cum
586 2209 769 2272 donarentur
784 2209 822 2272 ob
843 2212 997 2279 virtutem,
1020 2229 1079 2272 nou

121 2301 315 2356 mutaverunt.
347 2294 558 2354 Perusinorum
576 2311 662 2354 casus
676 2294 830 2355 obscurior
846 2294 921 2354 iama
937 2301 995 2364 est,
1012 2296 1108 2374 quiae

121 2396 178 2440 nec
191 2379 323 2457 ipsorum
340 2387 532 2440 monumento
549 2377 609 2439 ullo
631 2385 676 2439 est
694 2377 866 2440 inlustratus
886 2395 943 2438 nec
959 2376 1078 2440 decreto

121 2462 330 2524 Romanorum.

185 2545 297 2606 Eodem
318 2553 451 2625 tempore
472 2544 635 2617 Petelinos,
656 2548 707 2626 qui
731 2546 781 2607 uni
797 2564 833 2606 ex
850 2546 973 2606 Bnrttiis
995 2551 1106 2605 man-t

122 2636 222 2692 serant
248 2630 280 2690 in
300 2631 428 2692 amicitia
447 2629 594 2701 Romana,
620 2649 681 2691 non
703 2630 957 2708 Carthaginienses
980 2629 1079 2703 modo,

123 2717 172 2796 qui
184 2715 336 2793 regionem
351 2713 538 2785 obtinebant,
555 2713 608 2774 sed
623 2715 722 2775 Brutti
738 2733 855 2794 qnoque
872 2714 963 2773 ceteri
978 2711 1015 2774 ob
1033 2731 1079 2772 sa·
1094 2735 1097 2740 ·

121 2807 223 2880 parata
242 2797 278 2860 ab
292 2817 324 2860 se
339 2798 461 2861 consilia
480 2797 698 2878 oppugnabant.
729 2798 835 2879 quibus
852 2805 919 2859 cum
937 2796 1107 2858 obsisteres

122 2883 206 2945 malis
227 2886 384 2963 nequirent
403 2881 542 2955 Petelini,
564 2881 677 2963 legatos
700 2883 824 2944 Romam
841 2882 877 2943 ad
901 2881 1080 2960 praesidium

122 2967 282 3047 petendum
303 2970 456 3030 miserunt.
494 2987 619 3048 quorum
640 2985 745 3048 preces
767 2966 964 3044 lacrimaeque
986 2997 1028 3008 -
1049 2964 1081 3022 in

124 3057 243 3132 questus
269 3052 347 3110 enim
375 3051 503 3121 flebiles,
532 3070 599 3112 cum
619 3052 738 3110 sibimet
757 3052 815 3128 ipsi
835 3047 990 3109 consulere
1009 3045 1082 3106 iussi

124 3141 207 3205 saint,
235 3151 299 3194 sese
321 3135 352 3194 in
368 3134 512 3194 vestibulo
528 3133 628 3194 curiae
643 3132 838 3212 profuderunt
863 3165 904 3176 -
929 3131 1080 3207 ingentem

1 3260 12 3275 ,.
124 3216 358 3280 misericordiam
376 3216 509 3296 patribus
525 3234 559 3276 ac
575 3215 685 3296 populo
702 3221 865 3276 moverunt.
896 3211 1108 3290 consultiquett

124 3305 233 3365 iterum
250 3321 265 3362 a
280 3301 454 3362 libandin
472 3307 609 3379 praetore
626 3308 724 3380 patres
746 3298 966 3377 circumspectis
986 3296 1079 3356 omui·

5 3390 15 3413 ¹
125 3387 181 3448 bus
194 3387 310 3467 imperii
330 3385 440 3446 viribus
459 3385 545 3445 fateri
566 3385 658 3444 coacti
680 3382 751 3443 nibil
767 3385 825 3443 iam
846 3381 1013 3461 longinquis
1033 3397 1079 3439 so·

126 3471 222 3532 atisin
239 3489 271 3532 se
285 3466 425 3551 praesidii
437 3487 509 3541 esse,
527 3467 626 3530 redire
641 3468 758 3529 dominu
769 3466 884 3618 ssdqqqrq
899 3465 934 3527 ad
946 3463 1081 3527 ulmeam
