2546 3936
342 191 436 236 umus
448 191 517 236 v111.
533 190 600 235 oar.
617 179 660 234 35.
677 179 718 234 36.
736 170 775 255 [a.
794 173 828 237 0.
845 171 907 256 325]
1065 179 1109 244 8⁷

142 339 219 404 nihil
230 341 341 404 morari
354 342 528 420 magistrum
539 341 670 420 equitum
683 343 917 419 pronuntiasset,
934 341 1107 420 degressum

143 443 213 488 eum
225 423 336 505 templo
353 423 447 486 laetus
462 430 595 496 senatus,
610 423 715 485 laetior
729 425 868 505 populus,
886 425 1058 487 circumfusi
1073 444 1107 487 ec

29 533 30 536 ¹
144 508 327 588 gratulantes
341 508 411 570 hinc
428 509 569 586 magistro
585 508 730 588 equitnm,
748 508 817 571 hinc
833 508 984 580 dictatori,
1003 527 1107 588 prose·

143 594 208 654 cuti
222 600 305 662 sunt,
321 593 528 672 firmatumque
539 593 697 672 imperium
710 591 836 653 militare
851 592 929 654 baud
942 594 1041 654 minus
1056 599 1136 673 pe·tt

144 674 239 737 riculo
263 675 297 747 Q.
319 675 404 736 Fabii
432 694 521 756 quam
546 673 690 756 supplicio
718 674 880 738 miserabili
910 674 1106 738 adulescentis

143 759 246 821 llaulii
259 757 422 820 videbatur.

207 843 296 904 Forte
310 845 351 904 ita
365 861 401 903 eo
415 857 493 903 anno
509 844 621 914 evenit,
634 850 681 913 ut,
697 843 961 925 quotienscumque
979 843 1153 906 dictatorio

144 925 181 988 ab
193 927 511 996 exercitnrecessisset,
527 926 628 988 hostes
638 927 670 987 in
680 927 800 988 Samnio
811 934 1011 989 moverentur.
1026 936 1105 990 cete·

141 1028 211 1071 rum
225 1011 258 1071 in
272 1008 365 1072 oculis
380 1008 548 1090 exemplum
564 1017 627 1070 erat
642 1010 677 1081 Q.
693 1010 800 1072 Fabius
812 1011 850 1073 hl.
866 1010 982 1072 Valerio
998 1012 1104 1091 legato,

140 1095 197 1172 qui
212 1095 315 1155 castris
336 1102 488 1175 praeerat,
509 1110 547 1154 ne
567 1111 656 1174 quam
672 1095 729 1155 vim
750 1089 880 1157 hostium
901 1097 994 1174 magis
1017 1110 1105 1176 quam

142 1185 257 1238 trucem
273 1177 425 1239 dictatoris
438 1179 514 1238 iram
528 1177 657 1239 timeret.
682 1179 781 1259 itaque
794 1178 1022 1241 frumentatores
1034 1197 1101 1240 oum
1116 1187 1147 1240 11

140 1262 336 1322 circumventi
352 1279 387 1322 ex
401 1260 516 1322 insidiis
532 1263 610 1322 caesi
623 1261 688 1322 loco
702 1264 804 1342 iniquo
827 1271 941 1332 essent,
959 1262 1105 1325 creditum

141 1343 229 1423 vulgo
242 1353 300 1416 est,
316 1343 467 1406 subveniri
479 1347 521 1406 eis
533 1344 570 1406 ab
586 1344 682 1424 legato
694 1347 839 1425 potuisse,
856 1348 886 1407 ui
898 1347 993 1407 tristia
1009 1346 1105 1408 edicta

142 1428 353 1490 exhorruisset.
389 1447 424 1491 ea
439 1447 556 1509 qnoque
571 1429 615 1490 ira
631 1428 767 1490 alienavit
783 1447 800 1489 a
816 1428 959 1490 dictatore
977 1430 1102 1491 militum
1116 1436 1150 1488 1²

141 1513 257 1573 animos
271 1514 331 1574 iam
343 1513 570 1584 octodurenses,
588 1511 860 1593 quodinplacabilis
876 1512 909 1584 Q.
926 1513 1017 1574 Fabio
1033 1514 1105 1574 luis·

142 1602 189 1656 set
202 1603 246 1667 et,
263 1597 342 1677 quod
358 1599 419 1658 suis
435 1596 574 1677 precibus
591 1603 741 1676 negasset,
767 1598 829 1658 eius
845 1596 955 1678 populo
971 1599 1104 1659 Romano

141 1680 256 1742 reniam
267 1679 412 1742 dedisset.
1089 1720 1091 1723 v

205 1763 332 1826 xxxvi.
365 1765 525 1845 Postquam
540 1764 665 1828 dictator
681 1766 849 1846 praeposito
863 1767 896 1826 in
910 1765 985 1827 urbe
999 1766 1032 1827 L.
1048 1764 1103 1828 Pa·
1119 1772 1133 1824 1

141 1849 219 1927 pinio
238 1847 358 1919 Crasso,
377 1851 517 1926 magistro
534 1851 665 1928 equitum
680 1849 714 1921 Q.
729 1848 821 1910 Fabio
841 1851 930 1911 vetito
946 1852 1104 1930 quicquam

141 1951 198 2010 pro
214 1933 385 2010 magistratu
399 1950 502 2010 agere,
517 1933 549 1992 in
561 1939 658 1995 castra
673 1931 778 2003 rediit,
795 1950 892 2012 neque
907 1933 1020 1994 civibus
1034 1935 1105 1994 satis

141 2015 236 2076 laetus
258 2015 399 2077 adrentus
423 2016 486 2076 eius
503 2014 559 2077 tuit
583 2034 639 2076 nec
659 2014 792 2077 hostibus
815 2017 973 2096 quicquam
1001 2016 1107 2077 adtulit

141 2101 275 2160 terroris.
291 2117 418 2180 namque
429 2105 550 2178 postero
562 2099 618 2168 die,
629 2117 682 2160 seu
696 2100 792 2178 ignari
798 2101 913 2162 venisse
921 2101 1104 2170 dictatorem,
1118 2110 1136 2159 2

140 2200 208 2255 seu,
225 2183 341 2245 adesset
357 2202 395 2246 au
410 2182 542 2254 abesset,
558 2185 640 2262 parri
657 2183 811 2254 lactentes,
831 2185 975 2245 instructa
989 2185 1052 2245 acie
1068 2183 1105 2244 ad

141 2274 238 2327 castra
254 2273 451 2328 accesserunt.
480 2273 613 2328 ceterum
630 2272 745 2326 tantum
760 2269 903 2327 momenti
923 2269 955 2327 iu
969 2285 1029 2329 uno
1042 2269 1135 2328 virott

140 2351 175 2412 L.
191 2350 311 2429 Papirio
325 2351 393 2421 luit,
408 2359 454 2421 ut,
469 2351 495 2412 si
511 2350 594 2411 ducis
607 2349 728 2410 consilia
740 2349 822 2410 lavor
837 2350 1011 2411 subsecutus
1027 2350 1104 2411 mili·

142 2442 204 2496 tum
218 2434 311 2504 ioret,
334 2432 478 2495 debellari
492 2453 528 2495 eo
543 2432 591 2494 die
611 2449 678 2494 cnm
694 2432 874 2495 Samnitibus
894 2435 1025 2514 potuisse
1049 2451 1104 2514 pro

142 2518 221 2580 baud
235 2518 325 2579 dubio
340 2517 472 2580 habitum
492 2520 545 2578 sit:
566 2519 607 2578 ita
627 2519 766 2579 instruxit
783 2519 878 2580 aciem
900 2517 965 2579 loco
985 2535 1019 2580 ac
1036 2517 1135 2580 sub-4
1251 2573 1253 2576 .

140 2601 237 2673 cidiis,
255 2603 296 2662 ita
312 2603 393 2663 omui
408 2609 471 2663 arte
486 2601 592 2664 bclbca
607 2602 742 2663 firmavit.
777 2609 922 2663 cessatum
935 2621 950 2662 a
966 2602 1058 2663 milite
1070 2619 1105 2663 ae

140 2684 179 2746 dc
204 2685 363 2756 industria,
385 2692 418 2747 ut
441 2685 660 2748 obtrectaretur
685 2685 822 2748 laudibus
849 2685 946 2758 ducis,
973 2685 1105 2768 inpedita

141 2770 262 2834 victoria
278 2777 331 2836 est.
366 2769 467 2852 plures
489 2769 665 2837 Samnitium
689 2769 839 2844 cecidere,
862 2770 964 2852 plnres
979 2771 1105 2836 Romani

140 2855 286 2924 vulnerati
301 2867 379 2924 sunt.
413 2862 505 2922 sensit
519 2863 632 2942 peritus
645 2860 719 2932 dux,
736 2877 811 2943 quac
826 2877 875 2922 res
890 2861 1031 2922 victoriae
1050 2859 1133 2920 ob·5

143 2951 247 3007 staret:
271 2945 496 3025 temperandum
517 2947 670 3025 ingenium
691 2964 776 3007 suum
793 2963 857 3007 esse
875 2953 904 3007 et
918 2947 1104 3006 severitatem

142 3028 323 3090 miscendam
338 3031 485 3092 comitate.
510 3032 609 3110 itaque
634 3029 771 3091 adhibitis
793 3029 897 3108 legatis
913 3031 977 3109 ipse
992 3030 1134 3088 circumo

142 3112 258 3171 saucios
272 3111 379 3174 milites
400 3116 536 3176 inserens
555 3115 592 3177 in
608 3115 735 3175 tentoria
750 3121 838 3192 caput
851 3112 1057 3190 singulosque,
1071 3118 1105 3171 ut

141 3211 207 3256 sese
229 3193 387 3269 baberent,
409 3200 541 3277 rogitans
562 3215 664 3259 curam
685 3215 787 3258 eorum
812 3197 985 3257 nominatim
1001 3193 1104 3272 legatis

139 3278 327 3359 tribunisque
342 3288 371 3342 ct
390 3283 548 3361 praelectis
570 3278 774 3342 demandabat.
812 3296 876 3340 rem
891 3296 992 3357 perse
1009 3287 1132 3358 popu-*7
1242 3371 1243 3374 Ἴ

140 3362 235 3425 larem
249 3364 290 3425 ita
302 3363 422 3425 dextere
434 3367 501 3443 egit,
513 3373 546 3426 ut
556 3361 711 3425 medendis
722 3362 897 3443 corporibus
910 3361 999 3423 animi
1011 3359 1104 3422 multo

139 3449 224 3528 prius
240 3447 367 3511 militnm
382 3449 556 3528 imperatori
571 3444 849 3519 reconciliarentur,
872 3465 928 3508 uec
947 3447 1109 3528 quicquam

1243 3239 1245 3269 r

1240 3393 1243 3434 l

1236 3439 1242 3596 l

1237 3633 1240 3700 l

1237 3707 1239 3751 l
