2538 3946
228 177 289 238 206

226 339 353 416 ingentis
367 338 486 416 spiritus
500 337 594 396 virum
611 335 707 396 Sicilia
724 335 915 412 Sardiniaque
938 334 1082 396 amissae:
1125 349 1222 418 namj

227 430 256 483 et
274 419 401 481 Siciliam
417 422 504 480 nimis
521 418 611 479 celeri
626 420 829 497 desperatione
845 435 944 478 rerum
964 434 1154 480 concessam
1172 429 1222 479 et

227 504 391 566 Sardiniam
411 507 488 564 inter
509 503 754 563 motum'illricae
777 501 880 563 iraude
899 501 1110 562 Romanorum
1142 506 1199 563 sti-

200 587 334 668 lpendio
355 590 441 648 etiam
463 589 583 664 insuper
603 587 729 664 inposito
748 588 952 664 interceptam.
996 585 1031 646 11.
1061 587 1124 646 His
1142 606 1199 646 an-

225 673 289 732 xius
307 673 384 732 curis
401 672 440 730 ita
455 689 486 731 se
500 671 599 730 Africo
614 669 705 740 bello,
729 670 805 748 quod
821 670 876 729 init
888 666 942 730 sub
956 677 1116 730 recentem
1132 669 1198 730 Ro·
1221 731 1222 748 ἶ

225 773 342 816 menam
353 773 471 835 pacem,
484 771 537 834 per
550 755 791 832 quinqueannos,
804 755 844 814 ita
858 752 963 812 deinde
977 771 1085 813 novem
1101 756 1198 814 arinis
1221 827 1222 832 ἵ

197 841 255 899 ain
271 840 409 918 Hispania
429 837 562 916 augendo
576 838 686 898 Punico
707 838 831 917 imperio
852 837 948 914 gessit,
971 844 1004 898 ut
1024 844 1196 916 appareret
1221 843 1222 852 ’

225 925 318 984 maius
332 942 407 992 eum,
419 941 505 1001 quam
514 921 590 999 quod
604 928 728 998 gereret,
741 923 851 998 agitare
861 921 892 979 in
901 921 999 981 animo
1010 918 1138 992 bellum,
1152 931 1184 981 et

224 1009 250 1066 si
267 1007 374 1067 diutius
388 1007 514 1075 vixisset,
530 1003 693 1065 Hamilcare
709 1005 782 1064 duce
794 1005 909 1065 Poenos
925 1023 1006 1064 arma
1019 1003 1127 1065 ltaliae
1142 1007 1177 1064 in

223 1089 334 1150 laturos
350 1091 454 1158 luisse,
473 1089 522 1166 qui
537 1087 707 1148 Hannibalis
724 1089 811 1150 ductu
826 1087 998 1148 intulerunt.
1221 1137 1222 1152 t

196 1179 212 1229 3
285 1175 364 1234 blors
381 1171 553 1232 Hamilcaris
575 1181 795 1250 peropportuna
819 1180 848 1234 et
868 1173 991 1250 pueritia
1008 1171 1189 1234 Hannibalis
1221 1217 1222 1222 η

225 1254 401 1316 distulerunt
420 1254 540 1316 bellum.
578 1256 692 1315 medius
714 1256 879 1317 Hasdrubal
903 1257 981 1315 inter
1008 1264 1127 1334 patrem
1152 1275 1187 1318 ao
1221 1275 1222 1280 ¹

223 1339 313 1400 filium
335 1348 400 1400 octo
424 1339 517 1400 ferme
533 1357 625 1400 annos
640 1340 797 1420 imperium
815 1338 955 1409 obtinuit,
978 1339 1051 1400 ssore
1068 1342 1184 1411 aetatis,
1221 1381 1222 1384 κ

196 1427 266 1483 tuti
288 1425 400 1492 ierunt,
427 1425 523 1502 primo
541 1423 698 1484 Hamilcari
719 1423 905 1498 conciliatae,
932 1441 1024 1500 gener
1047 1422 1119 1484 inde
1145 1423 1184 1483 ob
1221 1419 1222 1426 '

223 1505 309 1568 aliam
334 1507 463 1569 indolem
489 1507 621 1586 proiecto
647 1509 735 1567 animi
756 1508 896 1578 adscitae,
925 1515 966 1578 et,
994 1509 1061 1585 quia
1089 1524 1183 1585 gener
1221 1503 1222 1506 ’

223 1600 300 1662 erat,
316 1592 451 1652 lectionis
464 1591 606 1650 Barcinae
619 1591 736 1668 opibus,
755 1610 829 1668 quae
841 1591 917 1670 apud
928 1589 1035 1650 milites
1047 1589 1181 1668 plebem·
1221 1589 1222 1598 ’

222 1693 279 1752 que
298 1674 364 1752 plus
378 1693 465 1751 quam
483 1674 615 1732 modicae
628 1682 726 1744 erant,
747 1673 826 1733 haud
846 1692 916 1734 sane
931 1675 1079 1734 voluntate
1097 1677 1178 1754 prin·

193 1765 209 1813 5
221 1760 318 1835 cipum
330 1759 361 1816 in
372 1759 496 1836 imperio
510 1758 632 1833 positus.
662 1757 687 1814 is
702 1757 786 1834 plura
798 1756 919 1818 consilio
931 1777 1018 1836 quam
1029 1760 1057 1817 vi
1072 1777 1177 1836 gerens

222 1841 356 1919 hospitiis
376 1841 469 1916 magis
490 1837 659 1916 regulorum
681 1839 929 1919 conciliandisque
951 1861 1006 1920 per
1020 1843 1176 1903 amicitiam

221 1924 387 2002 principum
403 1924 484 1982 novis
500 1922 636 2000 gentibus
647 1941 740 2000 ‚quam
761 1923 839 1983 bello
860 1931 909 1984 aut
924 1927 1013 1984 armis
1028 1943 1092 1985 rem
1106 1927 1175 1987 Car-

193 2007 434 2084 dthaginiensem
446 2008 534 2066 aurit.
563 2013 695 2066 ceterum
707 2006 798 2066 nibilo
811 2008 837 2066 ei
854 2026 911 2085 pax
921 2011 1011 2070 tutior
1023 2009 1093 2069 luit:
1108 2008 1174 2068 bar·
1221 2031 1222 2066 1

221 2091 311 2151 barus
327 2109 393 2150 eum
408 2091 526 2168 quidam
542 2087 637 2168 palam
654 2089 692 2149 ob
707 2091 781 2149 iram
796 2091 945 2151 interlecti
960 2091 996 2152 ab
1016 2111 1051 2151 eo
1067 2091 1175 2152 domini
1216 2101 1222 2178 q*

221 2171 391 2241 obtruncat;
418 2191 657 2251 conprensusque
677 2172 713 2232 ab
735 2175 990 2235 circumstantibus
1014 2175 1090 2235 haud
1110 2175 1171 2245 alio,
1221 2181 1222 2254 l

221 2258 344 2336 quamsi
356 2257 501 2325 evasisset,
515 2254 601 2327 vultu,
615 2259 769 2317 tormentis
781 2277 897 2337 quoque
909 2278 975 2318 cum
987 2257 1170 2330 laceraretur,
1221 2269 1222 2284 ¹

221 2359 256 2401 eo
273 2341 327 2401 luit
341 2340 442 2401 babitu
459 2342 532 2410 oris,
555 2347 587 2400 ut
606 2349 763 2420 superante
784 2340 892 2402 laetitia
915 2342 1032 2402 dolores
1055 2342 1170 2402 ridentis

193 2426 308 2484 tetiam
334 2426 462 2502 speciem
491 2423 682 2501 praebuerit·
712 2426 783 2486 Cum
813 2425 870 2486 hoc
888 2425 1084 2505 Hasdrubale,
1106 2428 1168 2506 quia
1221 2439 1222 2448 ¹

220 2508 313 2567 mirae
325 2508 395 2567 artis
405 2509 435 2566 in
448 2507 634 2568 sollicitandis
646 2508 782 2585 gentibus
792 2510 974 2590 imperioque
988 2528 1041 2570 suo
1053 2512 1166 2588 iungen-
1221 2527 1222 2534 ¹

221 2589 266 2649 dis
280 2590 390 2660 luerat,
406 2591 509 2652 foedus
524 2601 715 2654 renovaverat
735 2592 860 2672 populus
875 2595 1040 2664 Romanus,
1060 2603 1091 2654 ut
1106 2595 1166 2654 linis

221 2675 371 2753 utriusque
382 2676 498 2752 imperii
514 2684 590 2736 esset
606 2679 700 2738 amnis
714 2677 855 2748 Hiberus,
873 2679 1096 2758 Saguntinisque
1108 2696 1164 2738 me·
1221 2695 1222 2698 ’

221 2755 276 2818 diis
293 2760 370 2818 inter
385 2760 507 2836 imperia
525 2759 647 2820 duorum
663 2761 839 2840 populorum
860 2761 980 2822 libertas
999 2770 1162 2822 servaretur.
1221 2773 1222 2794 l

278 2841 326 2902 lll.
356 2842 390 2901 ln
406 2842 594 2904 Hasdrubalis
608 2845 704 2905 locum
719 2845 797 2905 baud
812 2845 899 2906 dubia
914 2864 963 2906 res
976 2846 1039 2916 iuit,
1057 2848 1119 2926 quin
1130 2845 1162 2884 *¹¹¹
1221 2897 1222 2918 2

217 2928 419 3004 praerogativa
439 2926 586 2999 militaris,
608 2947 664 3006 qua
686 2929 831 3008 extemplo
852 2930 964 2990 iuvenis
979 2930 1116 2991 Hannibal
1132 2931 1160 2989 in
1221 2945 1222 2982 t

218 3010 398 3088 praetorium
415 3009 527 3072 delatus
539 3013 758 3090 imperatorque
772 3013 884 3091 ingenti
901 3015 1029 3074 omnium
1046 3014 1160 3074 clamore

218 3101 305 3172 atque
326 3093 451 3156 adsensu
475 3095 637 3174 appellatus
658 3103 733 3163 erat,
760 3097 841 3157 favor
865 3096 960 3178 plebis
987 3097 1156 3178 sequebatur.
1221 3101 1222 3160 3

220 3176 300 3236 huno
325 3179 441 3239 vixdum
464 3179 606 3257 puberem
626 3179 791 3241 Hasdrubal
818 3181 924 3242 litteris
951 3180 986 3241 ad
1016 3199 1047 3242 se
1071 3200 1156 3242 accer-

219 3261 322 3331 sierat,
344 3271 464 3340 actaque
485 3280 534 3322 res
548 3265 636 3325 etiam
657 3265 688 3324 in
712 3273 814 3325 senatu
835 3266 938 3326 iuerat.
973 3265 1098 3326 Barcinis
1116 3267 1153 3324 ni·
1221 3273 1222 3340 ξ

218 3343 360 3413 tentibus,
377 3352 410 3404 ut
422 3345 609 3406 adsuesceret
622 3346 741 3407 militiae
758 3348 903 3408 Hannibal
921 3357 1007 3426 atque
1028 3350 1058 3408 in
1071 3357 1152 3426 pater·

217 3438 270 3483 nas
289 3427 461 3487 succederet
480 3445 552 3506 opes
593 3429 711 3500 Hanno,
737 3429 857 3491 alterius
875 3432 1009 3491 lactionis
1033 3433 1152 3509 princeps

1221 3557 1222 3584 l
