2546 3936
242 191 283 250 74
381 205 475 246 uinus
488 203 553 246 v111.
570 203 638 245 (111.
654 191 697 245 23.
712 193 755 244 24.
772 179 811 264 [a.
827 207 858 245 u.
875 206 901 244 e.
918 192 978 246 427.
996 183 1057 267 428]

243 351 426 420 dictatorem,
449 351 591 430 nequeab
604 350 723 412 consule
736 351 871 430 cuiquam
890 350 1006 430 publice
1027 355 1203 431 privatimve

201 441 233 492 16
244 434 280 494 de
296 453 331 494 ea
349 453 382 494 re
397 436 537 512 scriptum
551 453 630 504 esse,
646 453 701 494 nec
715 451 889 514 quemquam
906 434 1073 496 mortalium
1090 446 1202 507 extare,

242 520 290 597 qui
305 537 336 578 se
351 520 458 579 vidisse
472 527 522 579 aut
537 519 652 579 audisse
663 518 732 597 quid
749 518 840 587 dicat,
858 518 936 597 quod
952 521 1114 598 auspicium
1129 521 1217 581 diri-1

242 609 348 673 meret,
370 621 465 682 neque
486 620 611 680 augures
628 603 757 662 divinare
773 601 882 662 liomae
901 601 1038 663 sedentes
1058 606 1200 682 potuisse,

241 686 310 766 quid
325 688 355 745 in
372 688 475 747 castris
490 685 603 746 consuli
619 687 680 745 11111
695 683 869 750 obvenisset.
903 685 951 746 cul
970 706 1029 748 non
1043 706 1200 766 apparere,

200 773 229 824 17
242 771 319 846 quod
331 769 463 848 plebeius
475 769 600 830 dictator
612 771 662 838 sit,
672 769 702 829 id
715 771 814 830 vitium
828 769 988 848 auguribus
999 773 1109 830 visum?
1126 771 1200 831 haec

240 851 1199 934 aliaqueadtribunisnequiquamiactata:tamenadinterregnum

240 955 287 996 res
299 937 393 1004 rediit,
402 937 556 1016 dilatisque
566 936 621 999 alia
633 945 719 1016 atque
731 935 785 998 alia
796 935 833 997 de
845 955 931 1012 causa
943 939 1067 998 comitiis
1076 947 1199 1017 quartus

240 1019 370 1081 decimus
392 1020 510 1080 demum
533 1022 663 1081 interrex
688 1022 720 1081 L.
741 1020 880 1081 Aemilius
902 1021 1036 1082 consules
1062 1031 1145 1083 creat
1166 1022 1197 1083 C.

239 1102 401 1164 Poetelium
417 1105 449 1165 L.
463 1103 612 1183 Papirium
622 1103 813 1182 Mugilanum.
845 1103 1002 1166 Cursorem
1016 1106 1048 1166 in
1062 1105 1128 1168 aliis
1146 1124 1197 1167 an·

240 1186 356 1248 nalibus
371 1189 498 1250 invenio.

212 1275 224 1325 1
300 1271 399 1332 XXIV.
432 1271 621 1333 Eodemanuo
636 1270 847 1333 Alexandream
860 1271 890 1331 in
902 1274 1033 1352 Aegypto
1048 1272 1197 1350 proditum

239 1353 401 1424 conditam,
424 1355 680 1434 Alexandrumque
695 1355 777 1434 Epiri
802 1373 903 1433 regern
923 1355 959 1416 ab
978 1355 1062 1416 exule
1077 1356 1197 1424 Lucano

208 1438 426 1500 sintertectnm
443 1448 538 1500 sortes
553 1439 700 1499 dodonaei
719 1439 792 1499 lovis
814 1448 919 1500 eventu
940 1439 1119 1501 adfirmasse.
1148 1459 1195 1501 ac·

237 1523 293 1582 cito
306 1522 342 1582 ab
357 1521 525 1584 Tarentinis
535 1524 565 1581 in
579 1521 690 1583 ltaliam
704 1522 768 1582 data
782 1522 870 1582 dictio
882 1531 958 1594 erat,
975 1531 1092 1584 caveret
1102 1523 1195 1585 Ache-

238 1608 347 1665 rusiam
363 1623 468 1684 aquam
483 1605 715 1684 Pandosiamque
730 1605 851 1674 urbem;
871 1604 912 1666 ibi
929 1606 995 1668 tatis
1014 1608 1078 1667 eius
1095 1610 1195 1668 termi-

207 1693 308 1748 tnum
329 1688 401 1748 dari.
436 1706 528 1766 eoque
551 1691 632 1748 ocius
653 1691 814 1749 transmisit
842 1691 872 1749 in
895 1690 1023 1760 ltaliam,
1054 1699 1195 1771 utquam

235 1772 361 1831 maxime
382 1771 485 1850 procul
506 1771 622 1832 abesset
639 1771 712 1832 urbe
733 1772 876 1834 Pandosia
901 1775 931 1833 in
948 1775 1036 1854 Epiro
1058 1775 1195 1836 1111111-
1244 1789 1245 1830 f

235 1863 320 1915 route
332 1856 425 1924 anmi,
441 1873 529 1935 quem
546 1875 581 1917 ex
591 1855 746 1933 Molosside
759 1857 899 1918 iluentem
916 1860 946 1918 in
961 1867 1064 1935 stagna
1078 1857 1195 1920 inlerna
1244 1889 1245 1898 ¹

203 1938 655 2018 4111111111111111111111111111.
689 1948 818 2000 ceterum
840 1949 873 2001 ut
894 1941 987 2002 ierme
1010 1941 1148 2019 fugiendo
1164 1944 1194 2002 in

234 2022 328 2081 media
351 2021 409 2084 1111
431 2025 541 2093 ruitur,
563 2041 630 2084 cum
652 2042 739 2103 saepe
760 2023 889 2085 Bruttias
906 2025 1096 2104 Lucanasque
1123 2025 1194 2104 legi·

233 2123 305 2166 ones
322 2106 458 2176 ludisset,
476 2107 648 2167 Heracleam
661 2107 888 2168 Tarentinorum
909 2107 1067 2176 coloniam,
1086 2109 1194 2169 Poten-

233 2191 303 2248 tiam
324 2207 360 2250 ex
376 2191 502 2251 Lucanis
517 2191 730 2271 Sipontumque
748 2191 784 2230 *⁸
800 2190 980 2252 Bruttiorum
995 2210 1029 2252 ac
1043 2193 1193 2263 Terinam,

233 2272 302 2333 alias
316 2273 386 2334 inde
400 2275 613 2353 Messapiorum
634 2293 677 2336 ac
683 2275 868 2336 Lucanorum
888 2278 1014 2355 cepisset
1034 2277 1142 2346 urbes,
1167 2277 1244 2337 11

232 2364 378 2417 trecentas
394 2357 520 2420 familias
535 2358 700 2420 inlustres'
692 2375 721 2418 m
738 2360 876 2438 Epirum,
899 2377 970 2438 quas
986 2359 1123 2421 obsidum
1139 2379 1192 2422 nu·

203 2444 316 2500 omero
331 2439 467 2511 haberet,
487 2443 626 2511 misisset,
642 2441 719 2503 haud
738 2442 840 2520 procul
857 2443 998 2504 Pandosia
1013 2443 1113 2502 urbe
1105 2447 1193 2505 mmi-

162 2566 164 2571 .
232 2533 320 2584 nente
337 2523 463 2586 Lucanis
481 2544 515 2586 ac
530 2525 653 2586 Bruttiis
672 2525 778 2587 linibus
799 2528 852 2586 tris
866 2526 993 2587 tumulos
1010 2526 1192 2605 aliquantum

231 2607 308 2666 inter
322 2626 355 2668 se
369 2609 509 2669 distantes
524 2609 646 2680 insedit,
662 2629 697 2670 ex
709 2609 815 2688 quibus
829 2611 1012 2671 incursiones
1025 2611 1056 2670 in
1073 2629 1192 2672 ornnem

196 2697 217 2747 d
230 2697 345 2768 partem
357 2708 419 2768 agn
412 2693 545 2753 hostilis
558 2694 676 2754 laceret.
702 2702 732 2752 et
742 2693 883 2754 ducentos
898 2695 992 2754 terme
1003 2694 1191 2755 Lucanorum
1242 2705 1243 2708 ’

231 2771 374 2834 exules
350 2792 428 2835 cuca
443 2793 474 2834 se
489 2794 544 2854 pro
560 2774 774 2843 ddishabebat,
792 2784 823 2836 ut
838 2776 978 2856 pleraque
995 2778 1057 2836 eius
1073 2780 1191 2854 generis

198 2855 347 2932 tingenia
362 2864 444 2925 suut,
458 2877 524 2919 cunr
539 2859 657 2920 fortuna
672 2853 841 2933 mutabilem
858 2868 994 2938 gerentes
1009 2859 1107 2920 tidem.
1136 2861 1189 2921 im·

231 2937 299 2998 bres
311 2940 441 3000 continui
452 2943 563 3022 campis
574 2941 709 3001 omnibus
723 2941 870 3003 inundatis
877 2961 943 3004 cum
957 2942 1190 3006 interclusissent

232 3021 374 3082 trifariam
393 3026 552 3086 exercitum
569 3043 586 3086 1
602 3033 703 3086 mutuo
725 3025 803 3085 inter
824 3046 857 3087 se
879 3026 1000 3097 auxilio,
1023 3025 1081 3086 duo
1103 3045 1188 3106 prae·

228 3106 316 3176 sidia,
333 3124 408 3185 quae
421 3108 485 3169 sine
496 3127 567 3188 rege
579 3117 676 3176 eraut.
693 3109 842 3196 inproviso
856 3111 983 3172 hostium
998 3108 1125 3170 adventu
1136 3129 1187 3190 op·

229 3191 412 3269 primuntur·:
429 3192 627 3274 deletuqde
601 3211 643 3253 ers
654 3193 689 3253 ad
704 3193 796 3271 ipsius
800 3188 989 3254 obsidionem
1002 3211 1107 3254 omnes
1118 3211 1186 3255 cou-

192 3275 313 3334 eversi.
344 3275 412 3336 inde
426 3275 463 3337 ab
478 3277 604 3340 Lucanis
620 3276 753 3339 exulibus
769 3275 804 3335 ad
821 3295 890 3339 suos
904 3277 999 3338 nuntii
1013 3277 1095 3336 missi
1109 3285 1185 3342 sunt
1241 3325 1242 3358 ,

229 3363 372 3435 pactoque
385 3359 482 3421 reditu
497 3362 673 3440 promissum
689 3368 734 3422 est
750 3369 915 3437 regemunt
933 3363 1028 3421 11111111
1044 3368 1186 3422 111111111-
1241 3365 1242 3406 1

190 3437 337 3499 uiuum
329 3455 360 3500 111
382 3449 555 3519 potestatem
577 3443 705 3504 daturos.
739 3449 870 3504 ceterum
892 3455 959 3506 cum
981 3442 1133 3504 detectis
1126 3459 1186 3523 ipso
