2542 3956
316 209 411 256 omns
423 211 514 258 xxm,
530 207 598 255 oar.
614 199 657 253 34.
674 197 718 252 ab.
735 186 775 272 [e.
791 189 826 254 (i.
841 189 904 273 ²15]
1025 195 1086 258 355

139 363 170 434 Q.
183 359 326 430 biucium,
342 360 393 439 qui
407 359 594 422 successisset
609 357 678 430 sibi,
695 358 835 437 gravitate
847 357 920 419 caeli
931 377 1086 439 aquarum·

136 463 193 525 que
205 443 407 510 advenientem
422 451 590 524 exceptum,
602 462 662 505 non
675 450 734 504 tam
745 443 777 504 in
789 439 987 522 periculosum
999 460 1086 522 quarn

136 528 257 606 longum
268 527 405 588 morbum
418 525 596 607 inplicitum,
612 527 662 589 diu
674 527 710 589 ad
725 525 795 588 belli
807 527 906 589 munia
917 526 1086 588 sustinenda

136 609 268 673 inutilem
283 610 361 684 iore,
378 612 599 692 exercitumque
618 611 662 674 ibi
676 619 709 674 ut
733 612 803 674 satis
825 612 942 672 firmum
965 623 1085 690 pacatae
1100 617 1130 667 ιε

135 695 304 775 provinciae
314 696 481 776 praesidem
491 713 564 768 esse,
576 697 617 757 ita
627 699 771 776 imparem
783 693 871 764 bello,
885 693 1087 774 quolmotum

136 781 174 840 iri
187 779 351 851 videretur,
373 779 567 842 decreverunt
585 787 700 859 patres,
725 787 758 840 ut
772 779 814 852 ¹0.
830 777 948 839 Fulvius
965 775 1086 839 Flaccus
1099 783 1130 834 13

136 863 266 943 quinque
285 862 364 925 arilia
385 862 532 944 peditum,
559 864 792 945 quadringentos
814 863 926 943 equites
945 860 1090 922 scriberet

136 965 260 1027 eamque
285 946 432 1025 legionem
460 949 556 1027 primo
581 965 698 1029 quoque
719 954 852 1027 tempore
871 947 903 1006 in
923 945 1088 1008 Sardiniam

136 1030 326 1111 trachendum
341 1039 473 1102 curaret,
496 1033 685 1112 mitteretque
702 1050 769 1094 eum
782 1031 908 1112 irnperio
923 1047 1011 1110 quem
1032 1028 1089 1108 ipsi
1099 1032 1131 1084 ll

11 1154 16 1176 ι
122 1115 296 1186 uideretur,
309 1117 435 1195 quirem
447 1113 1022 1195 gereret,quoadbluciusconvaluisset.
1051 1110 1088 1173 ad
1099 1117 1131 1170 15

136 1217 202 1262 eam
215 1217 279 1260 rem
294 1201 401 1260 missus
416 1206 462 1260 est
475 1198 509 1259 Τ.
527 1198 651 1262 Manlius
665 1199 839 1278 Torquatus,
861 1197 970 1277 quibis
987 1195 1090 1259 consul

137 1290 167 1344 et
181 1300 287 1343 censor
303 1283 399 1344 iuerat
420 1280 634 1363 subegeratque
651 1285 684 1344 ia
705 1281 858 1345 consulatu
873 1282 991 1343 Sardos.
1032 1279 1086 1341 sub
1101 1285 1133 1336 lo

21 1396 26 1404 ·
136 1365 216 1426 idem
240 1366 303 1426 iere
327 1374 443 1447 ternpus
463 1375 493 1429 ct
514 1386 531 1428 a
553 1367 729 1445 Carthagine
750 1369 780 1427 in
803 1364 967 1429 Sardiniam
990 1363 1090 1426 classis

137 1450 225 1510 missa
239 1450 314 1511 duce
331 1449 528 1521 Hasdrubale,
550 1452 597 1512 cni
611 1450 697 1514 Calvo
715 1467 880 1530 cognomen
905 1455 984 1523 erat,
1004 1446 1089 1510 ioeda

137 1540 312 1612 tempestate
331 1542 431 1597 vexata
447 1533 483 1596 ad
497 1532 627 1596 balearis
646 1535 756 1597 insulae
771 1534 911 1604 deicitur,
932 1531 1032 1612 ibique
1045 1565 1087 1577 —-
1102 1536 1131 1588 17

138 1616 213 1679 adeo
227 1635 287 1678 non
302 1625 484 1680 armamenta
497 1618 600 1690 modo,
618 1618 672 1681 sed
684 1621 772 1682 etiam
786 1617 860 1680 alvei
875 1619 991 1678 navium
1004 1633 1090 1696 quas·

138 1702 194 1762 sati
205 1709 290 1764 erant
304 1701 516 1764 —subductae
528 1720 617 1766 nares
628 1703 699 1766 dum
710 1704 895 1772 reficiuntur,
909 1699 1090 1780 aliquantum
1201 1727 1203 1732 ·

23 1764 31 1850 ι.’
137 1788 281 1864 temporis
298 1787 452 1847 triverunt.

201 1867 312 1931 XXXV.
342 1869 376 1931 In
391 1869 473 1930 ltalia
489 1887 557 1932 cum
576 1878 643 1950 post
658 1871 842 1933 Cannensem
864 1887 1008 1948 pugnam,
1031 1868 1089 1928 ira·
1105 1872 1116 1922 1

30 2002 31 2017 ,
139 1953 194 2014 ctis
209 1953 301 2033 partis
317 1952 436 2016 alterius
446 1952 572 2026 viribus,
593 1953 714 2016 alterius
726 1952 844 2015 mollitis
856 1955 960 2013 animis
971 1952 1090 2029 segnius

17 2045 35 2093 ,ἱ
139 2035 248 2098 bellum
265 2044 356 2110 esset,
380 2038 520 2119 Campani
540 2056 594 2117 per
611 2057 643 2099 se
658 2037 754 2099 adorti
768 2044 837 2098 sunt
851 2053 914 2096 rem
930 2036 1118 2098 Cumanam

32 2175 34 2180 .
138 2139 208 2182 suae
227 2121 350 2182 dicionis
366 2122 478 2194 iacere,
500 2123 597 2201 primo
619 2120 823 2191 sollicitantes,
847 2130 880 2181 ut
899 2119 936 2181 ab
951 2119 1092 2180 Romanis

92 2237 94 2240 -
140 2201 314 2274 deficerent;
335 2203 387 2265 ubi
405 2205 436 2265 id
453 2223 559 2285 parurn
573 2206 732 2286 processit,
756 2203 856 2266 dolum
875 2202 912 2264 ad
934 2201 1091 2281 capiendos

140 2305 191 2347 eos
203 2295 374 2366 conparant
403 2296 471 2350 nat
483 2289 638 2370 Campanis
649 2289 786 2351 omnibus
797 2295 904 2349 statum
916 2285 1091 2347 sacrificium
1104 2291 1119 2342 3

36 2381 42 2419 ¹-
140 2371 177 2430 ad
191 2370 308 2433 Hamas.
358 2391 393 2434 eo
415 2380 549 2435 senatum
570 2373 749 2453 Campanum
770 2378 926 2433 uenturum
949 2370 1091 2430 certiores
1210 2401 1214 2413 ‹

140 2455 286 2516 Cumanos
307 2457 443 2518 lecerunt
469 2459 690 2538 petieruntque,
715 2463 749 2518 ut
768 2463 798 2518 et
818 2455 965 2529 Cumanus
989 2472 1024 2514 eo
1045 2471 1090 2513 se-

140 2545 225 2600 natus
247 2541 361 2602 veniret
381 2542 418 2602 ad
444 2540 668 2603 consultandum
689 2541 899 2610 communiter,
925 2548 958 2599 nt
973 2536 1091 2598 eosdem

45 2695 48 2710 ὅ
140 2629 265 2702 uterque
279 2624 406 2706 populus
417 2627 513 2687 socios
527 2626 685 2706 hostesque
700 2624 838 2687 haberet:
857 2622 1036 2703 praesidium
1051 2619 1119 2680 ibis

43 2722 47 2739 ¹
141 2715 287 2770 armatum
302 2728 334 2770 se
355 2708 523 2781 habituros,
546 2708 669 2791 nequid
691 2707 727 2770 ab
743 2709 877 2771 Romano
892 2707 1027 2768 Poenove
1042 2723 1092 2784 pe-

138 2789 227 2852 riculi
242 2800 327 2856 esset.
362 2794 498 2864 Cumani,
514 2811 691 2874 quamquam
705 2798 841 2873 suspecta
857 2791 938 2852 iraus
953 2795 1031 2858 erat,
1048 2789 1092 2848 ni-

45 2929 48 2953 ,
138 2875 180 2936 bil
196 2875 340 2950 abnuere,
361 2879 403 2940 ita
422 2879 482 2957 tegi
504 2877 591 2940 iallax
606 2876 760 2940 consilium
777 2894 864 2957 posse
880 2876 947 2937 rati.
975 2873 1121 2934 interimo

41 2958 48 2988 ³
139 2959 184 3019 Τί.
202 2960 394 3040 Sempronius
415 2961 517 3024 consul
531 2963 680 3024 Romanus
696 2961 866 3031 Sinuessae,
890 2976 948 3039 qno
971 2956 1008 3017 ad
1022 2971 1093 3015 con·

47 3070 51 3079 ·
139 3043 315 3105 veniendum
334 3046 413 3108 diem
429 3047 574 3115 edixerat,
597 3046 729 3105 exercitu
748 3043 871 3104 lustrato
893 3050 1094 3116 transgressus

138 3125 314 3188 Volturnum
329 3128 439 3188 flumen
455 3130 533 3188 circa
544 3127 697 3188 Liternum
711 3127 810 3205 posuit
824 3130 928 3185 castra.
966 3120 1007 3182 ibi
1027 3123 1124 3200 quiae

140 3212 234 3272 otiosa
251 3212 352 3273 stativa
369 3218 469 3282 erant,
486 3209 592 3271 crebro
608 3209 767 3272 decurrere
781 3207 889 3284 milites
904 3204 1041 3284 cogebat,
1063 3211 1095 3265 ut

139 3297 251 3356 tirones
262 3329 304 3340 -
315 3314 349 3357 ea
364 3297 490 3356 maxima
501 3311 570 3374 pars
582 3292 720 3355 volonum
733 3300 818 3354 erant
831 3327 872 3338 -
887 3291 1095 3353 adsuescerent

45 3400 47 3412 ·
137 3381 223 3458 signa
237 3381 320 3461 sequi
337 3381 410 3441 etin
425 3380 488 3442 acie
504 3395 666 3457 agnoscere
682 3377 802 3439 ordines
817 3393 895 3438 suos.
928 3375 1006 3436 inter
1020 3380 1120 3453 quaet

47 3559 48 3562 Ἴ
139 3466 265 3528 maxima
283 3471 346 3526 erat
367 3483 437 3527 cura
459 3463 540 3533 duci,
560 3463 659 3543 itaque
679 3460 783 3542 legatis
805 3459 988 3611 tr2ilgqnisque
1008 3475 1093 3538 prae·
