2546 3936
308 221 401 266 cmm
415 223 457 266 ιι
475 222 543 266 om.
558 210 602 264 ac.
619 201 659 285 [a.
675 205 710 268 (1.
728 212 789 268 aon.
805 205 867 289 aco]
1006 215 1068 277 147

103 371 196 442 cavit,
213 376 388 450 coactusque
400 388 544 431 consensu
558 370 659 449 populi
671 372 823 434 Cornelius
833 373 978 436 Barbatus
988 394 1064 457 pon·

104 455 178 517 tifex
196 454 341 515 maximus
354 452 443 515 rerba
457 455 588 535 praeire,
607 472 674 516 cum
686 473 769 518 more
781 458 926 519 maiorum
942 469 1066 537 negaret

103 541 162 600 nisi
176 537 328 600 consulem
345 545 396 598 aut
416 539 625 617 imperatorem
644 557 731 618 posse
753 538 895 620 templum
916 541 1064 604 dedicare.

102 625 205 704 itaque
226 640 262 682 ex
284 623 456 683 auctoritate
472 629 590 683 senatus
613 621 704 684 latum
725 624 761 686 ad
781 623 924 704 populum
946 631 1005 696 est,
1027 637 1092 688 ner

102 709 170 788 quis
187 705 328 786 templum
344 723 461 767 aramve
473 707 583 778 iniussu
602 714 721 770 senatus
736 713 785 770 aut
799 707 986 776 tribunorum
1000 709 1064 790 ple·

100 791 151 854 bei
166 791 260 870 partie
274 791 393 852 maioris
408 789 566 852 dedicaret.

167 874 253 936 Haud
270 873 494 936 memorabilem
509 893 572 936 rem
591 892 645 956 per
662 894 709 946 se,
725 877 782 937 nisi
799 877 1008 940 documentum
1025 881 1090 940 sita

101 959 244 1021 adversus
259 957 429 1038 superbiam
443 958 585 1020 nobilium
597 958 730 1039 plebeiae
744 959 902 1031 libertatis,
923 962 1062 1024 referam.

101 1043 138 1104 ad
155 1041 299 1122 collegam
322 1061 443 1120 aegrum
464 1043 574 1104 visendi
592 1061 679 1104 causa
699 1044 814 1106 Flavius
835 1064 903 1108 cum
924 1049 1092 1117 venisseut

101 1144 308 1206 consensuque
329 1125 472 1188 nobilium
490 1126 734 1198 adulescentium,
761 1131 811 1207 qui
824 1129 866 1190 ibi
880 1130 1062 1203 adsidebant,

100 1211 307 1274 adsurrectum
323 1213 421 1272 elnon
439 1217 525 1290 esset,
542 1210 673 1272 curulem
686 1211 797 1272 adferri
810 1211 912 1275 sellam
928 1233 963 1274 eo
979 1216 1064 1277 iussit

101 1315 136 1358 ae
151 1295 223 1358 sede
239 1296 360 1356 honoris
376 1296 423 1356 sul
437 1296 539 1356 anxios
553 1294 662 1354 invidia
677 1295 812 1355 inimicos
828 1299 977 1374 spectavit.

167 1379 304 1442 Ceterum
320 1378 452 1440 Flavium
470 1379 583 1440 dixerat
598 1375 722 1439 aedilem
743 1378 870 1446 lorensis
894 1379 990 1451 factio,
1007 1383 1060 1460 Ap.
1073 1388 1105 1439 10

98 1463 217 1526 claudii
234 1481 358 1525 censura
372 1465 449 1524 vires
461 1469 558 1533 nacta,
575 1464 625 1541 qui
636 1469 769 1523 senatum
785 1465 897 1542 primus
909 1462 1063 1524 libertino·

99 1546 244 1610 rumliliis
257 1546 340 1609 lectis
354 1549 558 1627 inquinaverat
565 1555 602 1618 et,
615 1553 805 1628 posteaquam
821 1565 885 1608 eam
901 1546 1060 1622 lectionem
1073 1554 1102 1605 11

100 1651 191 1694 nemo
206 1639 301 1694 ratam
315 1631 426 1702 habuit,
441 1649 497 1692 neo
513 1631 544 1692 in
560 1631 641 1692 curia
655 1630 778 1710 adeptus
795 1639 867 1702 erat,
883 1650 956 1712 quas
969 1633 1061 1712 petie·

99 1724 149 1779 rat
160 1734 231 1796 opes
242 1715 386 1787 urbanas,
402 1715 562 1778 humilibus
576 1733 631 1795 per
643 1717 738 1776 omnis
750 1716 844 1777 tribus
856 1716 953 1777 divisis
964 1715 1061 1777 lorum

101 1809 131 1863 et
144 1819 281 1881 campum
299 1802 439 1879 eorrupit.
470 1807 641 1877 tantumque
656 1799 746 1860 Flavii
769 1800 886 1861 comitia
902 1800 1105 1878 indigum-12

101 1888 139 1948 tis
157 1883 337 1956 habuerunt,
353 1891 386 1945 ut
401 1882 534 1963 plerique
549 1881 691 1943 nobilium
706 1883 808 1944 anulos
823 1901 928 1944 aureos
944 1893 974 1944 et
989 1883 1061 1962 pha·

99 1969 180 2032 leras
195 1968 385 2050 deponerent.
412 1986 449 2028 ex
468 1985 503 2027 eo
524 1973 658 2045 tempore
678 1968 710 2026 ln
731 1966 802 2028 duas
818 1975 918 2045 partes
929 1965 1062 2027 discessit
1073 1973 1105 2023 13

101 2055 219 2116 civitas:
241 2052 318 2115 aliud
339 2054 455 2128 integer
474 2049 599 2128 populus
622 2049 719 2109 lautor
741 2059 770 2110 et
790 2049 885 2110 cultor
906 2048 1061 2120 bonorum,

100 2137 181 2200 aliud
195 2136 322 2196 forensis
336 2134 424 2194 tactio
439 2133 570 2203 tenebat,
587 2131 681 2190 donec
696 2132 729 2203 Q.
745 2132 852 2194 Fabius
868 2140 897 2193 et
910 2133 943 2194 P.
955 2133 1061 2194 Decius
1073 2141 1104 2190 11

101 2237 242 2284 censores
257 2219 343 2285 lacti,
364 2225 393 2277 et
411 2215 534 2285 Fabius,
557 2214 643 2274 simul
658 2215 834 2277 concordiae
856 2234 958 2287 causa,
976 2215 1062 2276 slmul

101 2325 140 2367 ne
157 2300 389 2364 humillimorum
403 2301 435 2359 in
451 2317 541 2359 manu
555 2297 672 2357 comitia
687 2307 799 2368 essent,
823 2315 942 2358 omnem
963 2298 1061 2358 loren-

101 2408 166 2450 sem
182 2385 297 2449 turbam
313 2390 462 2445 excretam
480 2384 512 2442 in
534 2387 671 2461 quattuor
691 2381 785 2442 tribus
807 2383 948 2451 coniecit,
974 2380 1061 2442 urba-

102 2489 214 2553 nasque
229 2488 279 2531 eas
295 2466 458 2550 appellavit.
492 2465 623 2546 adeoque
640 2483 705 2526 eam
722 2484 786 2527 rem
802 2472 953 2543 acceptam
968 2466 1059 2542 gratis
1072 2471 1104 2521 15

102 2557 208 2620 animis
222 2556 329 2625 lerunt,
345 2561 378 2615 ut
393 2551 512 2613 blaximi
525 2567 700 2627 cognomen,
713 2550 792 2630 qnod
807 2555 849 2610 tot
860 2549 989 2609 vietoriIs
1002 2565 1062 2608 non

102 2647 268 2721 pepererat,
287 2641 343 2701 hae
364 2636 501 2698 ordinum
523 2636 737 2713 temperatione
748 2639 877 2714 pareret.
907 2631 1061 2694 abeodem

102 2726 267 2786 institutum
283 2723 406 2792 dicitur,
426 2729 460 2782 ut
477 2721 588 2802 equites
605 2717 701 2779 idibus
716 2715 910 2791 Quinctilibus
929 2715 1061 2778 transre-

103 2809 254 2870 herentur.
