<?xml version="1.0" encoding="UTF-8"?>
<!DOCTYPE html PUBLIC "-//W3C//DTD XHTML 1.0 Transitional//EN"
    "http://www.w3.org/TR/xhtml1/DTD/xhtml1-transitional.dtd">
<html xmlns="http://www.w3.org/1999/xhtml" xml:lang="en" lang="en">
 <head>
  <title>
</title>
<meta http-equiv="Content-Type" content="text/html;charset=utf-8" />
  <meta name='ocr-system' content='tesseract 3.04.00' />
  <meta name='ocr-capabilities' content='ocr_page ocr_carea ocr_par ocr_line ocrx_word'/>
</head>
<body>
  <div class='ocr_page' id='page_1' title='image "./aburbeconditali08livygoog_0495.png"; bbox 0 0 2542 3956; ppageno 0'>
   <div class='ocr_carea' id='block_1_1' title="bbox 313 215 1090 299">
    <p class='ocr_par' dir='ltr' id='par_1_1' title="bbox 313 215 1090 299">
     <span class='ocr_line' id='line_1_1' title="bbox 313 215 1090 299; baseline -0.013 -15"><span class='ocrx_word' id='word_1_1' title='bbox 313 241 407 284; x_wconf 76' lang='lat' dir='ltr'><strong>smne</strong></span> <span class='ocrx_word' id='word_1_2' title='bbox 422 236 512 284; x_wconf 84' lang='lat' dir='ltr'><strong>xxm.</strong></span> <span class='ocrx_word' id='word_1_3' title='bbox 532 237 601 282; x_wconf 82' lang='lat' dir='ltr'><strong>oar.</strong></span> <span class='ocrx_word' id='word_1_4' title='bbox 617 224 658 278; x_wconf 76' lang='grc' dir='ltr'><strong>ιι.</strong></span> <span class='ocrx_word' id='word_1_5' title='bbox 675 225 718 280; x_wconf 79' lang='grc' dir='ltr'><strong>ιι.</strong></span> <span class='ocrx_word' id='word_1_6' title='bbox 736 215 777 298; x_wconf 82' lang='lat' dir='ltr'><strong>[e.</strong></span> <span class='ocrx_word' id='word_1_7' title='bbox 795 217 829 280; x_wconf 84' lang='lat' dir='ltr'><strong>C.</strong></span> <span class='ocrx_word' id='word_1_8' title='bbox 845 215 907 299; x_wconf 73' lang='grc' dir='ltr'><strong>ιιι]</strong></span> <span class='ocrx_word' id='word_1_9' title='bbox 1030 219 1090 284; x_wconf 76' lang='grc'><strong>357</strong></span> 
     </span>
    </p>
   </div>
   <div class='ocr_carea' id='block_1_2' title="bbox 136 385 1140 3574">
    <p class='ocr_par' dir='ltr' id='par_1_2' title="bbox 136 385 1140 2562">
     <span class='ocr_line' id='line_1_2' title="bbox 139 385 1090 468; baseline -0.008 -14"><span class='ocrx_word' id='word_1_10' title='bbox 139 391 204 454; x_wconf 81' lang='lat' dir='ltr'><strong>bale</strong></span> <span class='ocrx_word' id='word_1_11' title='bbox 215 397 354 458; x_wconf 84' lang='lat' dir='ltr'><strong>metuens,</strong></span> <span class='ocrx_word' id='word_1_12' title='bbox 380 389 430 468; x_wconf 92' lang='lat' dir='ltr'><strong>qui</strong></span> <span class='ocrx_word' id='word_1_13' title='bbox 445 405 534 468; x_wconf 87' lang='lat' dir='ltr'><strong>super</strong></span> <span class='ocrx_word' id='word_1_14' title='bbox 545 387 673 466; x_wconf 80' lang='lat' dir='ltr'>Capuam</span> <span class='ocrx_word' id='word_1_15' title='bbox 688 387 719 446; x_wconf 91' lang='lat' dir='ltr'><strong>in</strong></span> <span class='ocrx_word' id='word_1_16' title='bbox 730 387 833 448; x_wconf 80' lang='lat' dir='ltr'><strong>Tifatis</strong></span> <span class='ocrx_word' id='word_1_17' title='bbox 843 385 971 446; x_wconf 88' lang='lat' dir='ltr'><strong>babebat</strong></span> <span class='ocrx_word' id='word_1_18' title='bbox 986 391 1090 446; x_wconf 86' lang='lat' dir='ltr'><strong>castra.</strong></span> 
     </span>
     <span class='ocr_line' id='line_1_3' title="bbox 139 469 1119 553; baseline -0.01 -17"><span class='ocrx_word' id='word_1_19' title='bbox 139 493 193 536; x_wconf 89' lang='lat' dir='ltr'><strong>nec</strong></span> <span class='ocrx_word' id='word_1_20' title='bbox 211 493 278 536; x_wconf 90' lang='lat' dir='ltr'><strong>eum</strong></span> <span class='ocrx_word' id='word_1_21' title='bbox 292 471 412 553; x_wconf 89' lang='lat' dir='ltr'><strong>provida</strong></span> <span class='ocrx_word' id='word_1_22' title='bbox 430 471 520 532; x_wconf 91' lang='lat' dir='ltr'><strong>luturi</strong></span> <span class='ocrx_word' id='word_1_23' title='bbox 534 470 638 532; x_wconf 87' lang='lat' dir='ltr'><strong>felellit</strong></span> <span class='ocrx_word' id='word_1_24' title='bbox 652 471 767 548; x_wconf 73' lang='lat' dir='ltr'><strong>opinior</strong></span> <span class='ocrx_word' id='word_1_25' title='bbox 784 487 852 530; x_wconf 87' lang='lat' dir='ltr'><strong>nam</strong></span> <span class='ocrx_word' id='word_1_26' title='bbox 866 469 952 531; x_wconf 91' lang='lat' dir='ltr'><strong>simul</strong></span> <span class='ocrx_word' id='word_1_27' title='bbox 964 469 1119 549; x_wconf 72' lang='lat' dir='ltr'><strong>Capuamn</strong></span> 
     </span>
     <span class='ocr_line' id='line_1_4' title="bbox 138 552 1092 632; baseline -0.007 -11"><span class='ocrx_word' id='word_1_28' title='bbox 138 578 173 621; x_wconf 90' lang='lat' dir='ltr'><strong>ea</strong></span> <span class='ocrx_word' id='word_1_29' title='bbox 189 557 286 620; x_wconf 89' lang='lat' dir='ltr'><strong>clades</strong></span> <span class='ocrx_word' id='word_1_30' title='bbox 304 563 348 617; x_wconf 86' lang='lat' dir='ltr'><strong>est</strong></span> <span class='ocrx_word' id='word_1_31' title='bbox 363 556 509 625; x_wconf 86' lang='lat' dir='ltr'><strong>rruntiata,</strong></span> <span class='ocrx_word' id='word_1_32' title='bbox 532 563 614 616; x_wconf 89' lang='lat' dir='ltr'><strong>ratus</strong></span> <span class='ocrx_word' id='word_1_33' title='bbox 628 552 775 616; x_wconf 79' lang='lat' dir='ltr'>Hannibal</span> <span class='ocrx_word' id='word_1_34' title='bbox 796 552 832 615; x_wconf 88' lang='lat' dir='ltr'><strong>ab</strong></span> <span class='ocrx_word' id='word_1_35' title='bbox 854 571 888 614; x_wconf 90' lang='lat' dir='ltr'><strong>re</strong></span> <span class='ocrx_word' id='word_1_36' title='bbox 911 552 988 614; x_wconf 88' lang='lat' dir='ltr'><strong>benc</strong></span> <span class='ocrx_word' id='word_1_37' title='bbox 1010 560 1092 632; x_wconf 89' lang='lat' dir='ltr'><strong>gesta</strong></span> 
     </span>
     <span class='ocr_line' id='line_1_5' title="bbox 137 639 1091 716; baseline -0.005 -14"><span class='ocrx_word' id='word_1_38' title='bbox 137 642 298 704; x_wconf 78' lang='lat' dir='ltr'><strong>insolenter</strong></span> <span class='ocrx_word' id='word_1_39' title='bbox 312 639 420 702; x_wconf 91' lang='lat' dir='ltr'><strong>laetum</strong></span> <span class='ocrx_word' id='word_1_40' title='bbox 438 640 597 700; x_wconf 86' lang='lat' dir='ltr'><strong>exercitum</strong></span> <span class='ocrx_word' id='word_1_41' title='bbox 612 640 743 700; x_wconf 89' lang='lat' dir='ltr'><strong>tironum</strong></span> <span class='ocrx_word' id='word_1_42' title='bbox 761 655 867 716; x_wconf 85' lang='lat' dir='ltr'><strong>magna</strong></span> <span class='ocrx_word' id='word_1_43' title='bbox 881 655 916 697; x_wconf 84' lang='lat' dir='ltr'><strong>ex</strong></span> <span class='ocrx_word' id='word_1_44' title='bbox 930 644 1015 716; x_wconf 86' lang='lat' dir='ltr'><strong>parte</strong></span> <span class='ocrx_word' id='word_1_45' title='bbox 1029 654 1091 698; x_wconf 85' lang='lat' dir='ltr'><strong>ser·</strong></span> 
     </span>
     <span class='ocr_line' id='line_1_6' title="bbox 140 720 1092 804; baseline -0.007 -19"><span class='ocrx_word' id='word_1_46' title='bbox 140 743 298 801; x_wconf 85' lang='lat' dir='ltr'><strong>vorumqoc</strong></span> <span class='ocrx_word' id='word_1_47' title='bbox 309 723 483 804; x_wconf 89' lang='lat' dir='ltr'><strong>spoliantem</strong></span> <span class='ocrx_word' id='word_1_48' title='bbox 495 725 585 784; x_wconf 85' lang='lat' dir='ltr'><strong>victos</strong></span> <span class='ocrx_word' id='word_1_49' title='bbox 596 721 778 803; x_wconf 80' lang='lat' dir='ltr'><strong>praedasque</strong></span> <span class='ocrx_word' id='word_1_50' title='bbox 790 728 924 800; x_wconf 88' lang='lat' dir='ltr'><strong>agentem</strong></span> <span class='ocrx_word' id='word_1_51' title='bbox 937 721 973 782; x_wconf 92' lang='lat' dir='ltr'><strong>ad</strong></span> <span class='ocrx_word' id='word_1_52' title='bbox 984 720 1092 782; x_wconf 91' lang='lat' dir='ltr'><strong>Hamas</strong></span> 
     </span>
     <span class='ocr_line' id='line_1_7' title="bbox 137 802 1119 886; baseline -0.008 -16"><span class='ocrx_word' id='word_1_53' title='bbox 137 827 169 870; x_wconf 90' lang='lat' dir='ltr'><strong>se</strong></span> <span class='ocrx_word' id='word_1_54' title='bbox 185 810 389 878; x_wconf 88' lang='lat' dir='ltr'><strong>inventurum,</strong></span> <span class='ocrx_word' id='word_1_55' title='bbox 405 807 524 868; x_wconf 89' lang='lat' dir='ltr'><strong>citatum</strong></span> <span class='ocrx_word' id='word_1_56' title='bbox 539 821 645 886; x_wconf 86' lang='lat' dir='ltr'><strong>agmen</strong></span> <span class='ocrx_word' id='word_1_57' title='bbox 660 813 779 886; x_wconf 86' lang='lat' dir='ltr'><strong>praeter</strong></span> <span class='ocrx_word' id='word_1_58' title='bbox 790 805 918 884; x_wconf 84' lang='lat' dir='ltr'><strong>Capuam</strong></span> <span class='ocrx_word' id='word_1_59' title='bbox 934 805 1024 885; x_wconf 86' lang='lat' dir='ltr'><strong>rapit,</strong></span> <span class='ocrx_word' id='word_1_60' title='bbox 1042 802 1092 864; x_wconf 91' lang='lat' dir='ltr'><strong>ob</strong></span> <span class='ocrx_word' id='word_1_61' title='bbox 1104 810 1119 862; x_wconf 76' lang='lat' dir='ltr'><strong>a</strong></span> 
     </span>
     <span class='ocr_line' id='line_1_8' title="bbox 139 887 1092 992; baseline -0.006 -40"><span class='ocrx_word' id='word_1_62' title='bbox 139 895 258 992; x_wconf 89' lang='lat' dir='ltr'><strong>viosque</strong></span> <span class='ocrx_word' id='word_1_63' title='bbox 270 910 306 953; x_wconf 85' lang='lat' dir='ltr'><strong>ex</strong></span> <span class='ocrx_word' id='word_1_64' title='bbox 321 891 389 970; x_wconf 86' lang='lat' dir='ltr'><strong>luga</strong></span> <span class='ocrx_word' id='word_1_65' title='bbox 401 891 616 990; x_wconf 83' lang='lat' dir='ltr'><strong>Campanorum</strong></span> <span class='ocrx_word' id='word_1_66' title='bbox 627 890 695 952; x_wconf 89' lang='lat' dir='ltr'><strong>dato</strong></span> <span class='ocrx_word' id='word_1_67' title='bbox 711 888 859 976; x_wconf 85' lang='lat' dir='ltr'><strong>praesidio</strong></span> <span class='ocrx_word' id='word_1_68' title='bbox 872 889 1001 968; x_wconf 90' lang='lat' dir='ltr'><strong>Capuam</strong></span> <span class='ocrx_word' id='word_1_69' title='bbox 1016 887 1092 958; x_wconf 88' lang='lat' dir='ltr'><strong>duci,</strong></span> 
     </span>
     <span class='ocr_line' id='line_1_9' title="bbox 136 971 1121 1055; baseline -0.006 -20"><span class='ocrx_word' id='word_1_70' title='bbox 136 978 251 1038; x_wconf 86' lang='lat' dir='ltr'><strong>saucios</strong></span> <span class='ocrx_word' id='word_1_71' title='bbox 268 974 408 1037; x_wconf 84' lang='lat' dir='ltr'><strong>vehiculis</strong></span> <span class='ocrx_word' id='word_1_72' title='bbox 425 976 538 1055; x_wconf 88' lang='lat' dir='ltr'><strong>portari</strong></span> <span class='ocrx_word' id='word_1_73' title='bbox 556 973 646 1036; x_wconf 89' lang='lat' dir='ltr'><strong>iubet</strong></span> <span class='ocrx_word' id='word_1_74' title='bbox 682 976 746 1052; x_wconf 89' lang='lat' dir='ltr'><strong>ipse</strong></span> <span class='ocrx_word' id='word_1_75' title='bbox 761 971 862 1036; x_wconf 84' lang='lat' dir='ltr'><strong>Hamis</strong></span> <span class='ocrx_word' id='word_1_76' title='bbox 876 989 966 1034; x_wconf 86' lang='lat' dir='ltr'><strong>vacua</strong></span> <span class='ocrx_word' id='word_1_77' title='bbox 981 971 1017 1033; x_wconf 91' lang='lat' dir='ltr'><strong>ab</strong></span> <span class='ocrx_word' id='word_1_78' title='bbox 1039 971 1092 1031; x_wconf 90' lang='lat' dir='ltr'><strong>ho·</strong></span> <span class='ocrx_word' id='word_1_79' title='bbox 1104 979 1121 1028; x_wconf 83' lang='grc' dir='ltr'><strong>ι</strong></span> 
     </span>
     <span class='ocr_line' id='line_1_10' title="bbox 136 1055 1093 1138; baseline -0.006 -17"><span class='ocrx_word' id='word_1_80' title='bbox 136 1059 230 1121; x_wconf 87' lang='lat' dir='ltr'><strong>stibus</strong></span> <span class='ocrx_word' id='word_1_81' title='bbox 244 1067 339 1121; x_wconf 90' lang='lat' dir='ltr'><strong>castra</strong></span> <span class='ocrx_word' id='word_1_82' title='bbox 353 1077 409 1120; x_wconf 91' lang='lat' dir='ltr'><strong>nec</strong></span> <span class='ocrx_word' id='word_1_83' title='bbox 424 1060 578 1138; x_wconf 90' lang='lat' dir='ltr'><strong>quicquam</strong></span> <span class='ocrx_word' id='word_1_84' title='bbox 594 1065 713 1138; x_wconf 89' lang='lat' dir='ltr'><strong>praeter</strong></span> <span class='ocrx_word' id='word_1_85' title='bbox 722 1058 850 1119; x_wconf 87' lang='lat' dir='ltr'><strong>recentis</strong></span> <span class='ocrx_word' id='word_1_86' title='bbox 864 1058 984 1136; x_wconf 88' lang='lat' dir='ltr'><strong>vestigia</strong></span> <span class='ocrx_word' id='word_1_87' title='bbox 996 1055 1093 1117; x_wconf 89' lang='lat' dir='ltr'><strong>caedis</strong></span> 
     </span>
     <span class='ocr_line' id='line_1_11' title="bbox 136 1143 1121 1224; baseline -0.008 -20"><span class='ocrx_word' id='word_1_88' title='bbox 136 1152 285 1224; x_wconf 85' lang='lat' dir='ltr'><strong>strataque</strong></span> <span class='ocrx_word' id='word_1_89' title='bbox 297 1145 407 1223; x_wconf 89' lang='lat' dir='ltr'><strong>passim</strong></span> <span class='ocrx_word' id='word_1_90' title='bbox 420 1158 544 1222; x_wconf 88' lang='lat' dir='ltr'><strong>corpora</strong></span> <span class='ocrx_word' id='word_1_91' title='bbox 556 1143 704 1203; x_wconf 89' lang='lat' dir='ltr'><strong>sociorum</strong></span> <span class='ocrx_word' id='word_1_92' title='bbox 715 1143 836 1204; x_wconf 82' lang='lat' dir='ltr'><strong>invenit.</strong></span> <span class='ocrx_word' id='word_1_93' title='bbox 862 1149 998 1203; x_wconf 75' lang='lat' dir='ltr'><strong>auctores</strong></span> <span class='ocrx_word' id='word_1_94' title='bbox 1010 1143 1121 1200; x_wconf 75' lang='lat' dir='ltr'><strong>eranti</strong></span> 
     </span>
     <span class='ocr_line' id='line_1_12' title="bbox 137 1224 1093 1306; baseline -0.003 -20"><span class='ocrx_word' id='word_1_95' title='bbox 137 1227 270 1306; x_wconf 84' lang='lat' dir='ltr'><strong>quidam,</strong></span> <span class='ocrx_word' id='word_1_96' title='bbox 292 1234 325 1287; x_wconf 92' lang='lat' dir='ltr'><strong>ut</strong></span> <span class='ocrx_word' id='word_1_97' title='bbox 344 1227 479 1304; x_wconf 89' lang='lat' dir='ltr'><strong>protinus</strong></span> <span class='ocrx_word' id='word_1_98' title='bbox 495 1225 564 1285; x_wconf 91' lang='lat' dir='ltr'><strong>iude</strong></span> <span class='ocrx_word' id='word_1_99' title='bbox 586 1225 692 1287; x_wconf 89' lang='lat' dir='ltr'><strong>Cumas</strong></span> <span class='ocrx_word' id='word_1_100' title='bbox 713 1224 836 1287; x_wconf 89' lang='lat' dir='ltr'><strong>duceret</strong></span> <span class='ocrx_word' id='word_1_101' title='bbox 856 1225 1020 1305; x_wconf 79' lang='lat' dir='ltr'><strong>urbemque</strong></span> <span class='ocrx_word' id='word_1_102' title='bbox 1041 1242 1093 1303; x_wconf 93' lang='lat' dir='ltr'><strong>op·</strong></span> 
     </span>
     <span class='ocr_line' id='line_1_13' title="bbox 136 1307 1122 1389; baseline -0.004 -19"><span class='ocrx_word' id='word_1_103' title='bbox 136 1318 293 1389; x_wconf 84' lang='lat' dir='ltr'><strong>pugnaret.</strong></span> <span class='ocrx_word' id='word_1_104' title='bbox 324 1309 354 1369; x_wconf 90' lang='lat' dir='ltr'><strong>id</strong></span> <span class='ocrx_word' id='word_1_105' title='bbox 372 1325 549 1388; x_wconf 91' lang='lat' dir='ltr'><strong>quamquam</strong></span> <span class='ocrx_word' id='word_1_106' title='bbox 563 1308 642 1370; x_wconf 87' lang='lat' dir='ltr'><strong>haud</strong></span> <span class='ocrx_word' id='word_1_107' title='bbox 657 1309 773 1370; x_wconf 89' lang='lat' dir='ltr'><strong>modice</strong></span> <span class='ocrx_word' id='word_1_108' title='bbox 784 1308 931 1370; x_wconf 85' lang='lat' dir='ltr'><strong>Hannibal</strong></span> <span class='ocrx_word' id='word_1_109' title='bbox 945 1307 1090 1388; x_wconf 88' lang='lat' dir='ltr'><strong>cupiebat,</strong></span> <span class='ocrx_word' id='word_1_110' title='bbox 1105 1313 1122 1366; x_wconf 84' lang='grc' dir='ltr'>θ</span> 
     </span>
     <span class='ocr_line' id='line_1_14' title="bbox 137 1391 1093 1473; baseline -0.001 -21"><span class='ocrx_word' id='word_1_111' title='bbox 137 1401 183 1463; x_wconf 90' lang='grc' dir='ltr'><strong>ιιι,</strong></span> <span class='ocrx_word' id='word_1_112' title='bbox 199 1394 267 1473; x_wconf 90' lang='lat' dir='ltr'><strong>quia</strong></span> <span class='ocrx_word' id='word_1_113' title='bbox 279 1391 430 1472; x_wconf 82' lang='lat' dir='ltr'><strong>Neapolim</strong></span> <span class='ocrx_word' id='word_1_114' title='bbox 444 1410 502 1453; x_wconf 92' lang='lat' dir='ltr'><strong>non</strong></span> <span class='ocrx_word' id='word_1_115' title='bbox 516 1399 666 1472; x_wconf 86' lang='lat' dir='ltr'><strong>potuerat,</strong></span> <span class='ocrx_word' id='word_1_116' title='bbox 685 1393 791 1456; x_wconf 89' lang='lat' dir='ltr'><strong>Cumas</strong></span> <span class='ocrx_word' id='word_1_117' title='bbox 803 1391 905 1454; x_wconf 87' lang='lat' dir='ltr'><strong>saltem</strong></span> <span class='ocrx_word' id='word_1_118' title='bbox 916 1393 1093 1453; x_wconf 77' lang='lat' dir='ltr'><strong>maritimam</strong></span> 
     </span>
     <span class='ocr_line' id='line_1_15' title="bbox 136 1475 1092 1556; baseline -0.001 -20"><span class='ocrx_word' id='word_1_119' title='bbox 136 1476 242 1537; x_wconf 91' lang='lat' dir='ltr'><strong>urbem</strong></span> <span class='ocrx_word' id='word_1_120' title='bbox 264 1475 401 1546; x_wconf 91' lang='lat' dir='ltr'><strong>haberet,</strong></span> <span class='ocrx_word' id='word_1_121' title='bbox 425 1484 539 1546; x_wconf 92' lang='lat' dir='ltr'><strong>tamen,</strong></span> <span class='ocrx_word' id='word_1_122' title='bbox 561 1478 629 1556; x_wconf 91' lang='lat' dir='ltr'><strong>quia</strong></span> <span class='ocrx_word' id='word_1_123' title='bbox 649 1484 770 1556; x_wconf 88' lang='lat' dir='ltr'><strong>praeter</strong></span> <span class='ocrx_word' id='word_1_124' title='bbox 790 1494 871 1538; x_wconf 88' lang='lat' dir='ltr'><strong>arma</strong></span> <span class='ocrx_word' id='word_1_125' title='bbox 897 1475 970 1536; x_wconf 91' lang='lat' dir='ltr'><strong>nihil</strong></span> <span class='ocrx_word' id='word_1_126' title='bbox 992 1492 1092 1536; x_wconf 89' lang='lat' dir='ltr'><strong>secum</strong></span> 
     </span>
     <span class='ocr_line' id='line_1_16' title="bbox 136 1559 1094 1640; baseline -0.002 -20"><span class='ocrx_word' id='word_1_127' title='bbox 136 1559 223 1620; x_wconf 90' lang='lat' dir='ltr'><strong>miles</strong></span> <span class='ocrx_word' id='word_1_128' title='bbox 236 1562 342 1640; x_wconf 85' lang='lat' dir='ltr'><strong>raptim</strong></span> <span class='ocrx_word' id='word_1_129' title='bbox 359 1567 424 1620; x_wconf 87' lang='lat' dir='ltr'><strong>acto</strong></span> <span class='ocrx_word' id='word_1_130' title='bbox 442 1561 558 1637; x_wconf 87' lang='lat' dir='ltr'><strong>agmine</strong></span> <span class='ocrx_word' id='word_1_131' title='bbox 573 1559 729 1631; x_wconf 84' lang='lat' dir='ltr'><strong>extulerat,</strong></span> <span class='ocrx_word' id='word_1_132' title='bbox 751 1562 855 1622; x_wconf 86' lang='lat' dir='ltr'><strong>retro</strong></span> <span class='ocrx_word' id='word_1_133' title='bbox 847 1578 878 1621; x_wconf 92' lang='lat' dir='ltr'><strong>m</strong></span> <span class='ocrx_word' id='word_1_134' title='bbox 893 1566 988 1621; x_wconf 86' lang='lat' dir='ltr'><strong>castra</strong></span> <span class='ocrx_word' id='word_1_135' title='bbox 1004 1574 1094 1638; x_wconf 89' lang='lat' dir='ltr'><strong>super</strong></span> 
     </span>
     <span class='ocr_line' id='line_1_17' title="bbox 136 1641 1122 1725; baseline -0.005 -22"><span class='ocrx_word' id='word_1_136' title='bbox 136 1643 231 1705; x_wconf 84' lang='lat' dir='ltr'><strong>Tilata</strong></span> <span class='ocrx_word' id='word_1_137' title='bbox 242 1661 274 1704; x_wconf 86' lang='lat' dir='ltr'><strong>se</strong></span> <span class='ocrx_word' id='word_1_138' title='bbox 287 1645 409 1724; x_wconf 89' lang='lat' dir='ltr'><strong>recepit.</strong></span> <span class='ocrx_word' id='word_1_139' title='bbox 437 1644 508 1704; x_wconf 87' lang='lat' dir='ltr'><strong>inde</strong></span> <span class='ocrx_word' id='word_1_140' title='bbox 520 1643 657 1723; x_wconf 87' lang='lat' dir='ltr'><strong>fatigatus</strong></span> <span class='ocrx_word' id='word_1_141' title='bbox 671 1644 886 1725; x_wconf 86' lang='lat' dir='ltr'><strong>Campanorum</strong></span> <span class='ocrx_word' id='word_1_142' title='bbox 897 1641 1036 1724; x_wconf 88' lang='lat' dir='ltr'><strong>precibus</strong></span> <span class='ocrx_word' id='word_1_143' title='bbox 1046 1659 1090 1702; x_wconf 89' lang='lat' dir='ltr'><strong>se</strong></span> <span class='ocrx_word' id='word_1_144' title='bbox 1080 1649 1122 1697; x_wconf 76' lang='grc' dir='ltr'><strong>ιι</strong></span> 
     </span>
     <span class='ocr_line' id='line_1_18' title="bbox 137 1726 1092 1809; baseline -0.002 -21"><span class='ocrx_word' id='word_1_145' title='bbox 137 1729 239 1808; x_wconf 89' lang='lat' dir='ltr'><strong>quenti</strong></span> <span class='ocrx_word' id='word_1_146' title='bbox 256 1727 304 1788; x_wconf 90' lang='lat' dir='ltr'><strong>dio</strong></span> <span class='ocrx_word' id='word_1_147' title='bbox 319 1745 386 1788; x_wconf 90' lang='lat' dir='ltr'><strong>cum</strong></span> <span class='ocrx_word' id='word_1_148' title='bbox 402 1728 483 1788; x_wconf 91' lang='lat' dir='ltr'><strong>omni</strong></span> <span class='ocrx_word' id='word_1_149' title='bbox 490 1727 640 1808; x_wconf 83' lang='lat' dir='ltr'><strong>apparatu</strong></span> <span class='ocrx_word' id='word_1_150' title='bbox 654 1727 868 1809; x_wconf 81' lang='lat' dir='ltr'><strong>oppugnandae</strong></span> <span class='ocrx_word' id='word_1_151' title='bbox 889 1727 972 1788; x_wconf 85' lang='lat' dir='ltr'><strong>urbis</strong></span> <span class='ocrx_word' id='word_1_152' title='bbox 988 1726 1092 1790; x_wconf 87' lang='lat' dir='ltr'><strong>Cumas</strong></span> 
     </span>
     <span class='ocr_line' id='line_1_19' title="bbox 136 1808 1093 1910; baseline -0.002 -38"><span class='ocrx_word' id='word_1_153' title='bbox 136 1811 227 1882; x_wconf 90' lang='lat' dir='ltr'><strong>redit,</strong></span> <span class='ocrx_word' id='word_1_154' title='bbox 248 1809 500 1891; x_wconf 85' lang='lat' dir='ltr'><strong>perpopulatoque</strong></span> <span class='ocrx_word' id='word_1_155' title='bbox 514 1828 586 1888; x_wconf 87' lang='lat' dir='ltr'><strong>agro</strong></span> <span class='ocrx_word' id='word_1_156' title='bbox 601 1813 730 1874; x_wconf 89' lang='lat' dir='ltr'><strong>Cumano</strong></span> <span class='ocrx_word' id='word_1_157' title='bbox 748 1811 828 1873; x_wconf 87' lang='lat' dir='ltr'><strong>millo</strong></span> <span class='ocrx_word' id='word_1_158' title='bbox 849 1828 952 1910; x_wconf 82' lang='lat' dir='ltr'><strong>passus</strong></span> <span class='ocrx_word' id='word_1_159' title='bbox 966 1809 1003 1872; x_wconf 88' lang='lat' dir='ltr'><strong>nb</strong></span> <span class='ocrx_word' id='word_1_160' title='bbox 1017 1808 1093 1872; x_wconf 86' lang='lat' dir='ltr'><strong>urbe</strong></span> 
     </span>
     <span class='ocr_line' id='line_1_20' title="bbox 137 1894 1124 1972; baseline -0.003 -18"><span class='ocrx_word' id='word_1_161' title='bbox 137 1903 232 1955; x_wconf 88' lang='lat' dir='ltr'><strong>castra</strong></span> <span class='ocrx_word' id='word_1_162' title='bbox 251 1894 343 1963; x_wconf 92' lang='lat' dir='ltr'><strong>locat,</strong></span> <span class='ocrx_word' id='word_1_163' title='bbox 368 1912 434 1963; x_wconf 89' lang='lat' dir='ltr'><strong>cum</strong></span> <span class='ocrx_word' id='word_1_164' title='bbox 450 1894 599 1956; x_wconf 87' lang='lat' dir='ltr'><strong>Gracchus</strong></span> <span class='ocrx_word' id='word_1_165' title='bbox 613 1897 706 1972; x_wconf 85' lang='lat' dir='ltr'><strong>magis</strong></span> <span class='ocrx_word' id='word_1_166' title='bbox 721 1896 927 1957; x_wconf 84' lang='lat' dir='ltr'><strong>verecundia&#39;</strong></span> <span class='ocrx_word' id='word_1_167' title='bbox 919 1913 951 1956; x_wconf 91' lang='lat' dir='ltr'><strong>m</strong></span> <span class='ocrx_word' id='word_1_168' title='bbox 974 1894 1025 1955; x_wconf 93' lang='lat' dir='ltr'><strong>tali</strong></span> <span class='ocrx_word' id='word_1_169' title='bbox 1041 1912 1092 1955; x_wconf 75' lang='lat' dir='ltr'><strong>ne·</strong></span> <span class='ocrx_word' id='word_1_170' title='bbox 1080 1897 1124 1950; x_wconf 76' lang='grc' dir='ltr'><strong>ιι·</strong></span> 
     </span>
     <span class='ocr_line' id='line_1_21' title="bbox 137 1977 1091 2058; baseline -0.001 -20"><span class='ocrx_word' id='word_1_171' title='bbox 137 1980 272 2040; x_wconf 89' lang='lat' dir='ltr'><strong>cessitate</strong></span> <span class='ocrx_word' id='word_1_172' title='bbox 290 1977 445 2039; x_wconf 88' lang='lat' dir='ltr'><strong>deserendi</strong></span> <span class='ocrx_word' id='word_1_173' title='bbox 461 1979 557 2040; x_wconf 89' lang='lat' dir='ltr'><strong>socios</strong></span> <span class='ocrx_word' id='word_1_174' title='bbox 571 1978 746 2058; x_wconf 87' lang='lat' dir='ltr'><strong>inplorantis</strong></span> <span class='ocrx_word' id='word_1_175' title='bbox 768 1979 855 2040; x_wconf 85' lang='lat' dir='ltr'><strong>fldem</strong></span> <span class='ocrx_word' id='word_1_176' title='bbox 876 1996 959 2040; x_wconf 93' lang='lat' dir='ltr'><strong>suam</strong></span> <span class='ocrx_word' id='word_1_177' title='bbox 976 1977 1091 2058; x_wconf 92' lang='lat' dir='ltr'><strong>populi·</strong></span> 
     </span>
     <span class='ocr_line' id='line_1_22' title="bbox 137 2061 1120 2142; baseline -0.005 -20"><span class='ocrx_word' id='word_1_178' title='bbox 137 2081 194 2142; x_wconf 86' lang='lat' dir='ltr'><strong>que</strong></span> <span class='ocrx_word' id='word_1_179' title='bbox 209 2063 333 2125; x_wconf 84' lang='lat' dir='ltr'><strong>Romani</strong></span> <span class='ocrx_word' id='word_1_180' title='bbox 350 2061 525 2124; x_wconf 88' lang='lat' dir='ltr'><strong>substitisset</strong></span> <span class='ocrx_word' id='word_1_181' title='bbox 542 2081 629 2142; x_wconf 91' lang='lat' dir='ltr'><strong>quam</strong></span> <span class='ocrx_word' id='word_1_182' title='bbox 649 2065 719 2124; x_wconf 90' lang='lat' dir='ltr'><strong>satis</strong></span> <span class='ocrx_word' id='word_1_183' title='bbox 740 2061 833 2124; x_wconf 90' lang='lat' dir='ltr'><strong>lidens</strong></span> <span class='ocrx_word' id='word_1_184' title='bbox 851 2062 1000 2123; x_wconf 86' lang='lat' dir='ltr'><strong>exercitui.</strong></span> <span class='ocrx_word' id='word_1_185' title='bbox 1038 2065 1120 2122; x_wconf 78' lang='lat' dir='ltr'><strong>necti</strong></span> 
     </span>
     <span class='ocr_line' id='line_1_23' title="bbox 138 2143 1091 2226; baseline -0.001 -19"><span class='ocrx_word' id='word_1_186' title='bbox 138 2145 211 2207; x_wconf 85' lang='lat' dir='ltr'><strong>alter</strong></span> <span class='ocrx_word' id='word_1_187' title='bbox 226 2145 329 2207; x_wconf 90' lang='lat' dir='ltr'><strong>consul</strong></span> <span class='ocrx_word' id='word_1_188' title='bbox 343 2145 468 2216; x_wconf 85' lang='lat' dir='ltr'><strong>Fabius,</strong></span> <span class='ocrx_word' id='word_1_189' title='bbox 489 2148 540 2226; x_wconf 91' lang='lat' dir='ltr'><strong>qui</strong></span> <span class='ocrx_word' id='word_1_190' title='bbox 555 2146 590 2207; x_wconf 95' lang='lat' dir='ltr'><strong>ad</strong></span> <span class='ocrx_word' id='word_1_191' title='bbox 602 2145 685 2209; x_wconf 90' lang='lat' dir='ltr'><strong>Calos</strong></span> <span class='ocrx_word' id='word_1_192' title='bbox 703 2153 797 2208; x_wconf 87' lang='lat' dir='ltr'><strong>castra</strong></span> <span class='ocrx_word' id='word_1_193' title='bbox 813 2145 954 2216; x_wconf 86' lang='lat' dir='ltr'><strong>babebat,</strong></span> <span class='ocrx_word' id='word_1_194' title='bbox 975 2143 1091 2206; x_wconf 88' lang='lat' dir='ltr'><strong>Voltur·</strong></span> 
     </span>
     <span class='ocr_line' id='line_1_24' title="bbox 139 2228 1140 2310; baseline -0.001 -23"><span class='ocrx_word' id='word_1_195' title='bbox 139 2247 209 2290; x_wconf 90' lang='lat' dir='ltr'><strong>uum</strong></span> <span class='ocrx_word' id='word_1_196' title='bbox 220 2230 330 2291; x_wconf 88' lang='lat' dir='ltr'><strong>llumen</strong></span> <span class='ocrx_word' id='word_1_197' title='bbox 338 2228 494 2292; x_wconf 88' lang='lat' dir='ltr'><strong>traducere</strong></span> <span class='ocrx_word' id='word_1_198' title='bbox 506 2229 631 2291; x_wconf 88' lang='lat' dir='ltr'><strong>audebat</strong></span> <span class='ocrx_word' id='word_1_199' title='bbox 641 2233 811 2301; x_wconf 84' lang='lat' dir='ltr'><strong>exercitum</strong></span> <span class='ocrx_word' id='word_1_200' title='bbox 825 2236 983 2310; x_wconf 88' lang='lat' dir='ltr'><strong>occupatus</strong></span> <span class='ocrx_word' id='word_1_201' title='bbox 993 2230 1090 2309; x_wconf 90' lang='lat' dir='ltr'><strong>primo</strong></span> <span class='ocrx_word' id='word_1_202' title='bbox 1103 2233 1140 2286; x_wconf 79' lang='lat' dir='ltr'><strong>io</strong></span> 
     </span>
     <span class='ocr_line' id='line_1_25' title="bbox 138 2310 1091 2394; baseline 0.002 -22"><span class='ocrx_word' id='word_1_203' title='bbox 138 2315 273 2392; x_wconf 87' lang='lat' dir='ltr'><strong>auspiciis</strong></span> <span class='ocrx_word' id='word_1_204' title='bbox 288 2313 470 2392; x_wconf 88' lang='lat' dir='ltr'><strong>repetendis,</strong></span> <span class='ocrx_word' id='word_1_205' title='bbox 492 2313 559 2374; x_wconf 88' lang='lat' dir='ltr'><strong>dein</strong></span> <span class='ocrx_word' id='word_1_206' title='bbox 576 2315 732 2394; x_wconf 88' lang='lat' dir='ltr'><strong>prodigiis,</strong></span> <span class='ocrx_word' id='word_1_207' title='bbox 758 2332 832 2394; x_wconf 92' lang='lat' dir='ltr'><strong>quae</strong></span> <span class='ocrx_word' id='word_1_208' title='bbox 848 2312 903 2375; x_wconf 90' lang='lat' dir='ltr'><strong>alia</strong></span> <span class='ocrx_word' id='word_1_209' title='bbox 923 2331 1013 2392; x_wconf 89' lang='lat' dir='ltr'><strong>super</strong></span> <span class='ocrx_word' id='word_1_210' title='bbox 1035 2310 1091 2374; x_wconf 87' lang='lat' dir='ltr'><strong>alia</strong></span> 
     </span>
     <span class='ocr_line' id='line_1_26' title="bbox 139 2396 1096 2516; baseline 0.003 -62"><span class='ocrx_word' id='word_1_211' title='bbox 139 2397 363 2469; x_wconf 87' lang='lat' dir='ltr'><strong>nuntiabantur,</strong></span> <span class='ocrx_word' id='word_1_212' title='bbox 383 2398 569 2478; x_wconf 84' lang='lat' dir='ltr'><strong>expiantique</strong></span> <span class='ocrx_word' id='word_1_213' title='bbox 585 2416 618 2460; x_wconf 91' lang='lat' dir='ltr'><strong>ea</strong></span> <span class='ocrx_word' id='word_1_214' title='bbox 632 2398 710 2460; x_wconf 93' lang='lat' dir='ltr'><strong>haud</strong></span> <span class='ocrx_word' id='word_1_215' title='bbox 726 2397 812 2460; x_wconf 87' lang='lat' dir='ltr'><strong>iacile</strong></span> <span class='ocrx_word' id='word_1_216' title='bbox 828 2396 907 2458; x_wconf 91' lang='lat' dir='ltr'><strong>litari</strong></span> <span class='ocrx_word' id='word_1_217' title='bbox 920 2397 1096 2516; x_wconf 89' lang='lat' dir='ltr'><strong>haruspices</strong></span> 
     </span>
     <span class='ocr_line' id='line_1_27' title="bbox 137 2481 364 2562; baseline 0.014 -23"><span class='ocrx_word' id='word_1_218' title='bbox 137 2481 364 2562; x_wconf 86' lang='lat' dir='ltr'><strong>respondebant</strong></span> 
     </span>
    </p>

    <p class='ocr_par' dir='ltr' id='par_1_3' title="bbox 137 2564 1125 3574">
     <span class='ocr_line' id='line_1_28' title="bbox 200 2564 1120 2645; baseline -0.007 -19"><span class='ocrx_word' id='word_1_219' title='bbox 200 2564 337 2626; x_wconf 84' lang='lat' dir='ltr'><strong>XXXVII.</strong></span> <span class='ocrx_word' id='word_1_220' title='bbox 367 2565 426 2628; x_wconf 89' lang='lat' dir='ltr'><strong>Eae</strong></span> <span class='ocrx_word' id='word_1_221' title='bbox 442 2583 546 2628; x_wconf 85' lang='lat' dir='ltr'><strong>causae</strong></span> <span class='ocrx_word' id='word_1_222' title='bbox 561 2584 627 2628; x_wconf 91' lang='lat' dir='ltr'><strong>cum</strong></span> <span class='ocrx_word' id='word_1_223' title='bbox 642 2565 765 2628; x_wconf 83' lang='lat' dir='ltr'><strong>Fabium</strong></span> <span class='ocrx_word' id='word_1_224' title='bbox 778 2573 929 2635; x_wconf 87' lang='lat' dir='ltr'><strong>tenerent,</strong></span> <span class='ocrx_word' id='word_1_225' title='bbox 952 2565 1091 2645; x_wconf 88' lang='lat' dir='ltr'><strong>Sempro·</strong></span> <span class='ocrx_word' id='word_1_226' title='bbox 1079 2569 1120 2620; x_wconf 95' lang='grc' dir='ltr'><strong>ιι</strong></span> 
     </span>
     <span class='ocr_line' id='line_1_29' title="bbox 138 2647 1119 2731; baseline -0.005 -22"><span class='ocrx_word' id='word_1_227' title='bbox 138 2651 203 2710; x_wconf 90' lang='lat' dir='ltr'><strong>nius</strong></span> <span class='ocrx_word' id='word_1_228' title='bbox 217 2666 249 2709; x_wconf 91' lang='grc' dir='ltr'><strong>ιιι</strong></span> <span class='ocrx_word' id='word_1_229' title='bbox 261 2649 413 2710; x_wconf 82' lang='lat' dir='ltr'><strong>obsidione</strong></span> <span class='ocrx_word' id='word_1_230' title='bbox 425 2658 501 2718; x_wconf 87' lang='lat' dir='ltr'><strong>erat</strong></span> <span class='ocrx_word' id='word_1_231' title='bbox 520 2652 571 2711; x_wconf 86' lang='lat' dir='ltr'><strong>et</strong></span> <span class='ocrx_word' id='word_1_232' title='bbox 562 2668 619 2712; x_wconf 85' lang='lat' dir='ltr'><strong>ram</strong></span> <span class='ocrx_word' id='word_1_233' title='bbox 631 2648 769 2730; x_wconf 88' lang='lat' dir='ltr'><strong>opcmbus</strong></span> <span class='ocrx_word' id='word_1_234' title='bbox 781 2649 1013 2731; x_wconf 76' lang='lat' dir='ltr'><strong>oppugnabatur</strong></span> <span class='ocrx_word' id='word_1_235' title='bbox 1042 2647 1092 2711; x_wconf 87' lang='lat' dir='ltr'><strong>ad·</strong></span> <span class='ocrx_word' id='word_1_236' title='bbox 1104 2655 1119 2704; x_wconf 85' lang='lat'>2</span> 
     </span>
     <span class='ocr_line' id='line_1_30' title="bbox 138 2732 1091 2813; baseline 0.001 -21"><span class='ocrx_word' id='word_1_237' title='bbox 138 2749 239 2794; x_wconf 83' lang='lat' dir='ltr'><strong>versus</strong></span> <span class='ocrx_word' id='word_1_238' title='bbox 253 2732 381 2812; x_wconf 82' lang='lat' dir='ltr'><strong>ligneam</strong></span> <span class='ocrx_word' id='word_1_239' title='bbox 396 2735 547 2813; x_wconf 90' lang='lat' dir='ltr'><strong>ingentem</strong></span> <span class='ocrx_word' id='word_1_240' title='bbox 572 2734 718 2796; x_wconf 90' lang='lat' dir='ltr'><strong>admotam</strong></span> <span class='ocrx_word' id='word_1_241' title='bbox 734 2733 802 2796; x_wconf 89' lang='lat' dir='ltr'><strong>urbi</strong></span> <span class='ocrx_word' id='word_1_242' title='bbox 826 2733 911 2796; x_wconf 89' lang='lat' dir='ltr'><strong>aliam</strong></span> <span class='ocrx_word' id='word_1_243' title='bbox 927 2741 1040 2796; x_wconf 90' lang='lat' dir='ltr'><strong>turrem</strong></span> <span class='ocrx_word' id='word_1_244' title='bbox 1056 2750 1091 2793; x_wconf 85' lang='lat' dir='ltr'><strong>ex</strong></span> 
     </span>
     <span class='ocr_line' id='line_1_31' title="bbox 137 2817 1090 2899; baseline 0.002 -23"><span class='ocrx_word' id='word_1_245' title='bbox 137 2819 202 2898; x_wconf 92' lang='lat' dir='ltr'><strong>ipso</strong></span> <span class='ocrx_word' id='word_1_246' title='bbox 216 2835 301 2879; x_wconf 89' lang='lat' dir='ltr'><strong>muro</strong></span> <span class='ocrx_word' id='word_1_247' title='bbox 317 2820 452 2880; x_wconf 83' lang='lat' dir='ltr'><strong>excitavit</strong></span> <span class='ocrx_word' id='word_1_248' title='bbox 473 2817 577 2880; x_wconf 87' lang='lat' dir='ltr'><strong>consul</strong></span> <span class='ocrx_word' id='word_1_249' title='bbox 591 2817 755 2890; x_wconf 86' lang='lat' dir='ltr'><strong>Romanus,</strong></span> <span class='ocrx_word' id='word_1_250' title='bbox 778 2817 925 2899; x_wconf 90' lang='lat' dir='ltr'><strong>aliquanto</strong></span> <span class='ocrx_word' id='word_1_251' title='bbox 947 2817 1090 2887; x_wconf 90' lang='lat' dir='ltr'><strong>altiorem,</strong></span> 
     </span>
     <span class='ocr_line' id='line_1_32' title="bbox 139 2900 1090 2984; baseline -0.006 -20"><span class='ocrx_word' id='word_1_252' title='bbox 139 2905 206 2981; x_wconf 92' lang='lat' dir='ltr'><strong>quia</strong></span> <span class='ocrx_word' id='word_1_253' title='bbox 221 2921 306 2965; x_wconf 90' lang='lat' dir='ltr'><strong>muro</strong></span> <span class='ocrx_word' id='word_1_254' title='bbox 320 2904 389 2964; x_wconf 89' lang='lat' dir='ltr'><strong>satis</strong></span> <span class='ocrx_word' id='word_1_255' title='bbox 411 2921 466 2984; x_wconf 89' lang='lat' dir='ltr'><strong>per</strong></span> <span class='ocrx_word' id='word_1_256' title='bbox 486 2921 517 2964; x_wconf 89' lang='lat' dir='ltr'><strong>se</strong></span> <span class='ocrx_word' id='word_1_257' title='bbox 539 2900 597 2964; x_wconf 93' lang='lat' dir='ltr'><strong>alto</strong></span> <span class='ocrx_word' id='word_1_258' title='bbox 614 2901 752 2964; x_wconf 89' lang='lat' dir='ltr'><strong>subiectis</strong></span> <span class='ocrx_word' id='word_1_259' title='bbox 771 2902 872 2963; x_wconf 90' lang='lat' dir='ltr'><strong>validis</strong></span> <span class='ocrx_word' id='word_1_260' title='bbox 895 2901 1015 2964; x_wconf 89' lang='lat' dir='ltr'><strong>sublicis</strong></span> <span class='ocrx_word' id='word_1_261' title='bbox 1036 2918 1090 2981; x_wconf 90' lang='lat' dir='ltr'><strong>pro</strong></span> 
     </span>
     <span class='ocr_line' id='line_1_33' title="bbox 138 2984 1120 3068; baseline -0.007 -22"><span class='ocrx_word' id='word_1_262' title='bbox 138 2986 200 3048; x_wconf 89' lang='lat' dir='ltr'><strong>solo</strong></span> <span class='ocrx_word' id='word_1_263' title='bbox 217 3005 287 3048; x_wconf 88' lang='lat' dir='ltr'><strong>usus</strong></span> <span class='ocrx_word' id='word_1_264' title='bbox 305 2996 376 3050; x_wconf 89' lang='lat' dir='ltr'><strong>erat</strong></span> <span class='ocrx_word' id='word_1_265' title='bbox 413 2987 482 3048; x_wconf 92' lang='lat' dir='ltr'><strong>inde</strong></span> <span class='ocrx_word' id='word_1_266' title='bbox 502 2989 630 3068; x_wconf 89' lang='lat' dir='ltr'><strong>primum</strong></span> <span class='ocrx_word' id='word_1_267' title='bbox 647 2987 724 3047; x_wconf 85' lang='lat' dir='ltr'><strong>saxis</strong></span> <span class='ocrx_word' id='word_1_268' title='bbox 744 2987 923 3066; x_wconf 89' lang='lat' dir='ltr'><strong>sudibusque</strong></span> <span class='ocrx_word' id='word_1_269' title='bbox 938 2993 968 3046; x_wconf 87' lang='lat' dir='ltr'><strong>et</strong></span> <span class='ocrx_word' id='word_1_270' title='bbox 985 2984 1120 3044; x_wconf 73' lang='lat' dir='ltr'><strong>ceterist</strong></span> 
     </span>
     <span class='ocr_line' id='line_1_34' title="bbox 139 3066 1089 3150; baseline -0.004 -19"><span class='ocrx_word' id='word_1_271' title='bbox 139 3069 297 3131; x_wconf 90' lang='lat' dir='ltr'><strong>missilibus</strong></span> <span class='ocrx_word' id='word_1_272' title='bbox 313 3078 547 3150; x_wconf 85' lang='lat' dir='ltr'><strong>propugnatores</strong></span> <span class='ocrx_word' id='word_1_273' title='bbox 561 3071 677 3130; x_wconf 91' lang='lat' dir='ltr'><strong>moenia</strong></span> <span class='ocrx_word' id='word_1_274' title='bbox 692 3077 779 3149; x_wconf 90' lang='lat' dir='ltr'><strong>atque</strong></span> <span class='ocrx_word' id='word_1_275' title='bbox 795 3069 901 3130; x_wconf 88' lang='lat' dir='ltr'><strong>urbem</strong></span> <span class='ocrx_word' id='word_1_276' title='bbox 917 3066 1089 3136; x_wconf 88' lang='lat' dir='ltr'><strong>tuebantur;</strong></span> 
     </span>
     <span class='ocr_line' id='line_1_35' title="bbox 138 3150 1125 3234; baseline -0.008 -20"><span class='ocrx_word' id='word_1_277' title='bbox 138 3160 302 3234; x_wconf 88' lang='lat' dir='ltr'><strong>postremo,</strong></span> <span class='ocrx_word' id='word_1_278' title='bbox 320 3152 369 3213; x_wconf 91' lang='lat' dir='ltr'><strong>ubi</strong></span> <span class='ocrx_word' id='word_1_279' title='bbox 382 3153 582 3232; x_wconf 87' lang='lat' dir='ltr'><strong>promovendo</strong></span> <span class='ocrx_word' id='word_1_280' title='bbox 599 3152 764 3213; x_wconf 88' lang='lat' dir='ltr'><strong>adiunctam</strong></span> <span class='ocrx_word' id='word_1_281' title='bbox 781 3169 866 3214; x_wconf 90' lang='lat' dir='ltr'><strong>muro</strong></span> <span class='ocrx_word' id='word_1_282' title='bbox 879 3150 1014 3213; x_wconf 83' lang='lat' dir='ltr'><strong>uldemnt</strong></span> <span class='ocrx_word' id='word_1_283' title='bbox 1029 3156 1091 3211; x_wconf 90' lang='lat' dir='ltr'><strong>tur-</strong></span> <span class='ocrx_word' id='word_1_284' title='bbox 1103 3157 1125 3206; x_wconf 73' lang='grc' dir='ltr'><strong>ι</strong></span> 
     </span>
     <span class='ocr_line' id='line_1_36' title="bbox 138 3235 1090 3316; baseline -0.005 -17"><span class='ocrx_word' id='word_1_285' title='bbox 138 3255 218 3308; x_wconf 90' lang='lat' dir='ltr'><strong>rem,</strong></span> <span class='ocrx_word' id='word_1_286' title='bbox 241 3237 352 3298; x_wconf 86' lang='lat' dir='ltr'><strong>lacibus</strong></span> <span class='ocrx_word' id='word_1_287' title='bbox 368 3236 539 3298; x_wconf 89' lang='lat' dir='ltr'><strong>ardentibus</strong></span> <span class='ocrx_word' id='word_1_288' title='bbox 553 3235 713 3316; x_wconf 90' lang='lat' dir='ltr'><strong>plurimum</strong></span> <span class='ocrx_word' id='word_1_289' title='bbox 730 3235 843 3298; x_wconf 89' lang='lat' dir='ltr'><strong>simul</strong></span> <span class='ocrx_word' id='word_1_290' title='bbox 835 3253 935 3315; x_wconf 83' lang='lat' dir='ltr'><strong>ignem</strong></span> <span class='ocrx_word' id='word_1_291' title='bbox 957 3236 1090 3296; x_wconf 88' lang='lat' dir='ltr'><strong>coniece-</strong></span> 
     </span>
     <span class='ocr_line' id='line_1_37' title="bbox 138 3316 1120 3402; baseline -0.006 -20"><span class='ocrx_word' id='word_1_292' title='bbox 138 3328 217 3383; x_wconf 90' lang='lat' dir='ltr'><strong>runt</strong></span> <span class='ocrx_word' id='word_1_293' title='bbox 255 3340 312 3402; x_wconf 93' lang='lat' dir='ltr'><strong>quo</strong></span> <span class='ocrx_word' id='word_1_294' title='bbox 327 3321 464 3382; x_wconf 88' lang='lat' dir='ltr'><strong>incendio</strong></span> <span class='ocrx_word' id='word_1_295' title='bbox 480 3319 594 3399; x_wconf 87' lang='lat' dir='ltr'><strong>trepida</strong></span> <span class='ocrx_word' id='word_1_296' title='bbox 609 3327 787 3384; x_wconf 88' lang='lat' dir='ltr'><strong>armatorum</strong></span> <span class='ocrx_word' id='word_1_297' title='bbox 805 3319 960 3382; x_wconf 91' lang='lat' dir='ltr'><strong>multitudo</strong></span> <span class='ocrx_word' id='word_1_298' title='bbox 975 3337 1042 3380; x_wconf 88' lang='lat' dir='ltr'><strong>cmn</strong></span> <span class='ocrx_word' id='word_1_299' title='bbox 1054 3316 1120 3380; x_wconf 72' lang='lat' dir='ltr'><strong>deb</strong></span> 
     </span>
     <span class='ocr_line' id='line_1_38' title="bbox 139 3401 1093 3486; baseline -0.005 -18"><span class='ocrx_word' id='word_1_300' title='bbox 139 3415 221 3468; x_wconf 87' lang='lat' dir='ltr'><strong>turre</strong></span> <span class='ocrx_word' id='word_1_301' title='bbox 235 3423 299 3468; x_wconf 89' lang='lat' dir='ltr'><strong>sese</strong></span> <span class='ocrx_word' id='word_1_302' title='bbox 316 3407 536 3485; x_wconf 87' lang='lat' dir='ltr'><strong>praecipitaret,</strong></span> <span class='ocrx_word' id='word_1_303' title='bbox 561 3406 676 3485; x_wconf 91' lang='lat' dir='ltr'><strong>eruptio</strong></span> <span class='ocrx_word' id='word_1_304' title='bbox 698 3422 733 3467; x_wconf 84' lang='lat' dir='ltr'><strong>ex</strong></span> <span class='ocrx_word' id='word_1_305' title='bbox 748 3405 855 3486; x_wconf 91' lang='lat' dir='ltr'><strong>oppido</strong></span> <span class='ocrx_word' id='word_1_306' title='bbox 877 3403 963 3466; x_wconf 89' lang='lat' dir='ltr'><strong>simul</strong></span> <span class='ocrx_word' id='word_1_307' title='bbox 978 3401 1093 3464; x_wconf 87' lang='lat' dir='ltr'><strong>duabus</strong></span> 
     </span>
     <span class='ocr_line' id='line_1_39' title="bbox 138 3489 1091 3574; baseline -0.005 -22"><span class='ocrx_word' id='word_1_308' title='bbox 138 3491 231 3574; x_wconf 90' lang='lat' dir='ltr'><strong>portis</strong></span> <span class='ocrx_word' id='word_1_309' title='bbox 246 3491 385 3553; x_wconf 80' lang='lat' dir='ltr'><strong>stationes</strong></span> <span class='ocrx_word' id='word_1_310' title='bbox 399 3491 525 3552; x_wconf 89' lang='lat' dir='ltr'><strong>hostium</strong></span> <span class='ocrx_word' id='word_1_311' title='bbox 548 3489 621 3552; x_wconf 86' lang='lat' dir='ltr'><strong>ludit</strong></span> <span class='ocrx_word' id='word_1_312' title='bbox 643 3489 837 3570; x_wconf 81' lang='lat' dir='ltr'><strong>fugavitque</strong></span> <span class='ocrx_word' id='word_1_313' title='bbox 829 3507 859 3550; x_wconf 91' lang='lat' dir='ltr'><strong>m</strong></span> <span class='ocrx_word' id='word_1_314' title='bbox 878 3498 988 3561; x_wconf 88' lang='lat' dir='ltr'><strong>castra,</strong></span> <span class='ocrx_word' id='word_1_315' title='bbox 1009 3494 1091 3550; x_wconf 88' lang='lat' dir='ltr'><strong>uteo</strong></span> 
     </span>
    </p>
   </div>
   <div class='ocr_carea' id='block_1_3' title="bbox 0 0 1276 3956">
    <p class='ocr_par' dir='ltr' id='par_1_4' title="bbox 0 0 1276 3956">
     <span class='ocr_line' id='line_1_40' title="bbox 0 0 1276 3956; baseline 0 0"><span class='ocrx_word' id='word_1_316' title='bbox 0 0 1276 3956; x_wconf 95' lang='lat' dir='ltr'><strong> </strong></span> 
     </span>
    </p>
   </div>
  </div>
 </body>
</html>
