2538 3946
260 211 354 254 niano
366 211 430 256 m.
447 200 574 255 311321.
592 197 689 253 2121.
705 189 744 273 [e.
761 192 795 254 0.
810 191 871 274 218]
983 197 1047 259 223

87 358 201 424 Italiam
217 357 374 420 Hannibali
390 360 526 420 missum:
548 359 674 438 proinde
695 337 868 438 sequeretur
882 376 978 438 neque
995 375 1044 418 us·

87 461 176 524 quam
197 460 262 504 ase
278 442 449 503 dellecteret
473 441 582 503 oculos.
619 440 755 522 pavidum
784 443 881 521 primo
901 449 1075 520 nusquam?
1166 493 1168 496 .
1230 473 1232 526 j

87 527 376 606 circumspicientem
393 531 443 586 aut
456 527 665 604 respicientem
683 532 830 595 secutum
848 524 955 586 deinde
973 543 1044 586 cura

85 610 200 687 ingenii
220 609 355 679 hnmani,
378 627 461 680 eum,
482 608 622 688 quidnam
642 607 673 668 id
688 616 779 679 esset,
800 608 878 687 quod
896 609 1045 686 respicere

86 694 196 753 vetitus
214 699 303 762 esset,
322 693 446 770 agitaret
460 693 573 763 animo,
590 699 757 771 temperare
771 691 864 752 oculis
879 692 1045 770 nequivisse

86 793 172 845 eum,
194 774 299 835 vidisse
317 782 383 854 post
397 793 461 836 sese
482 783 650 855 serpentem
671 776 746 835 mira
766 774 966 854 magnitudine
980 781 1075 834 cumb

84 859 202 935 ingenti
216 856 355 921 arborum
372 877 406 920 ac
424 859 616 936 virgultorum
628 866 726 936 strage
737 857 811 918 ferri
831 875 866 918 ac
881 864 948 937 post
966 858 1045 917 inse·

85 943 217 1021 quicum
228 941 347 1019 fragore
359 940 432 1002 caeli
443 941 586 1004 nimbum.
615 939 1075 1020 tum,quaemoleseaquidvea

84 1024 216 1104 prodigii
228 1030 317 1096 esset,
333 1031 524 1105 quaerentem
536 1026 665 1095 audisse,
680 1026 843 1085 vastitatem
854 1022 953 1084 ltaliae
965 1041 1044 1084 esse:

85 1115 229 1250 pergleret
241 1125 331 1187 porro
345 1110 390 1170 ire
405 1126 461 1169 nec
476 1107 553 1170 ultra
566 1109 732 1187 inquireret
743 1110 912 1187 sineretque
931 1106 989 1167 iata
1014 1107 1044 1165 in

85 1209 161 1252 occu
174 1199 203 1252 to
217 1209 290 1251 esse.

150 1273 252 1334 xxiii.
302 1274 366 1335 Hoc
390 1275 454 1334 risu
482 1273 575 1334 laetus
609 1275 755 1354 tripertito
779 1273 921 1336 Hiberum
948 1273 1070 1351 copiast

85 1357 204 1416 traiecit
212 1358 394 1435 praemissis,
411 1359 462 1436 qui
474 1354 624 1419 Gallorum
635 1359 762 1426 animos,
781 1375 838 1434 qua
848 1355 1046 1417 traducendus

87 1441 235 1500 exereitus
246 1447 323 1509 erat,
340 1438 426 1500 donis
436 1439 628 1500 conciliarent
638 1440 810 1519 Alpiumque
825 1440 967 1500 transitus
979 1455 1045 1515 spe·

87 1519 269 1582 celarentur.
291 1526 450 1601 nonaginta
461 1523 540 1584 milia
553 1523 693 1602 peditum,
706 1523 862 1584 duodecim
872 1522 953 1582 milia
964 1522 1045 1600 equi·

85 1613 151 1665 tum
173 1604 314 1666 Hiberum
334 1605 473 1668 traduxit.
516 1605 656 1685 llergetes
679 1606 748 1668 inde
774 1607 989 1685 Bargusiosque
1015 1610 1075 1664 eta

85 1689 248 1750 Ausetanos
263 1698 292 1748 et
312 1690 512 1761 Lacetaniam,
531 1708 606 1769 quae
623 1689 754 1752 subiecta
765 1690 923 1769 Pyrenaeis
938 1689 1045 1748 monti·

85 1770 143 1832 bus
162 1779 219 1840 est,
242 1771 370 1850 subegit,
386 1792 514 1853 oraeque
528 1775 597 1835 huic
612 1776 693 1836 omni
707 1775 850 1852 praefecit
860 1773 1044 1834 Hannonem.

85 1862 121 1914 ut
145 1854 260 1924 fauces,
284 1874 359 1934 quae
378 1857 532 1936 Hispanias
553 1856 654 1918 Galliis
679 1858 817 1934 iungunt,
844 1859 875 1914 in
901 1861 1044 1932 potestate

87 1945 195 1999 essent.
229 1938 331 1999 decem
346 1939 425 2000 milia
441 1941 572 2018 peditum
588 1941 724 2001 Hannoni
741 1939 778 1998 ad
794 1936 972 2017 praesidium
994 1935 1076 1995 ob·3

86 2021 224 2082 tinentiae
238 2024 368 2100 regionis
385 2023 452 2083 data
467 2031 497 2084 et
509 2021 589 2082 mille
605 2024 725 2100 equites.
751 2027 905 2099 postquam
919 2036 974 2097 per
988 2018 1043 2097 Py·
1055 2026 1074 2074 4

86 2122 228 2165 renaeum
244 2105 350 2167 saltum
373 2105 487 2166 traduci
503 2105 648 2165 exercitus
664 2111 708 2164 est
727 2110 862 2181 coeptus,
884 2118 1045 2180 rumorque

85 2206 141 2266 per
161 2186 304 2248 barbaros
320 2189 448 2248 manarit
465 2188 574 2246 certior
591 2186 627 2245 de
640 2185 719 2247 ballo
731 2187 877 2256 Romano,
894 2185 949 2245 tria
963 2183 1044 2244 milia

86 2270 156 2329 inde
179 2269 410 2347 Carpetanorum
435 2269 567 2347 peditum
595 2270 652 2330 iter
673 2276 851 2330 averterunt.
893 2266 1045 2328 constabat

86 2369 148 2412 non
170 2359 229 2412 tam
251 2350 329 2412 bello
351 2358 446 2412 motos
466 2370 553 2432 quam
575 2351 787 2433 longinquitate
807 2353 871 2412 viae
890 2353 1044 2429 insupera-

86 2434 197 2514 bilique
211 2434 327 2514 Alpium
350 2437 483 2496 transitu.
511 2434 673 2506 Hannibal,
695 2437 762 2516 quia
784 2452 924 2496 revocare
945 2441 995 2495 aut
1016 2435 1072 2494 rib

86 2520 217 2578 retinere
229 2535 280 2578 eos
290 2536 400 2598 anceps
411 2526 539 2591 erat,ne
551 2526 718 2581 ceterorum
730 2520 817 2580 etiam
827 2519 942 2580 feroces
954 2518 1044 2578 animi

86 2603 293 2671 inniterentur,
309 2620 399 2682 supra
410 2611 522 2684 septem
537 2602 617 2664 milia
633 2603 786 2664 hominum
803 2601 906 2663 domos
919 2601 1074 2671 remisito

86 2703 160 2765 quos
175 2687 280 2765 etipse
297 2689 414 2764 gravari
435 2687 538 2748 militia
558 2693 705 2758 senserat,
730 2687 908 2764 Carpetanos
926 2702 1044 2765 quoque

86 2769 123 2830 ab
146 2787 178 2830 se
200 2769 335 2832 dimissos
355 2770 504 2832 simulans.
553 2769 652 2831 XXIV.
683 2769 829 2840 Inde,·ne
850 2786 935 2830 mora
957 2774 1070 2847 atquet

86 2854 178 2914 otium
194 2854 308 2916 animos
322 2853 506 2925 sollicitaret,
528 2871 594 2915 eum
609 2854 730 2934 reliquis
746 2855 838 2932 copiis
857 2853 1044 2932 Pyrenaeum

85 2936 302 3014 transgreditur
324 2945 353 2999 et
375 2937 412 2999 ad
433 2937 573 3018 oppidum
594 2937 710 2999 Hiberri
729 2945 825 2999 eastra
845 2936 933 2997 locat
966 2934 1072 2996 1131112

86 3036 263 3100 quamquam
278 3019 376 3082 ltaliae
391 3020 500 3082 bellum
523 3022 628 3082 inferri
646 3020 817 3090 audiebant,
836 3028 952 3089 tamen,
975 3017 1043 3095 quia

86 3103 114 3160 ri
129 3100 266 3162 subactos
284 3109 366 3164 trans
380 3104 564 3182 Pyrenaeum
576 3104 722 3181 Hispanos
745 3104 823 3163 lama
845 3108 909 3162 erat
928 3100 1041 3179 praesi-

87 3184 193 3264 diaque
208 3185 301 3246 valida
312 3187 453 3264 inposita,
466 3198 547 3248 metu
557 3187 704 3246 seruitutis
715 3185 751 3245 ad
757 3202 839 3245 arma
851 3183 1039 3252 consternati,

86 3268 285 3330 Ruscinonem
306 3268 416 3349 aliquot
438 3269 540 3348 populi
554 3264 740 3330 conveniunt.
772 3266 850 3348 quod
866 3266 918 3328 ubi
930 3266 1070 3327 Hanni-3

87 3351 146 3412 bali
161 3354 325 3414 nuntiatum
341 3359 399 3423 est,
423 3369 536 3414 moram
551 3353 645 3431 magis
663 3369 751 3432 quam
771 3349 882 3412 bobum
895 3356 1040 3419 metuens,

87 3443 219 3498 oratores
239 3436 277 3498 ad
297 3435 415 3516 regulos
436 3454 537 3498 eorum
559 3437 653 3506 misit,
673 3435 811 3516 conloqui
831 3435 1042 3514 semetipsum
