2546 3936
344 235 439 280 umus
452 239 496 280 rx.
520 237 588 280 oar.
603 225 646 278 31.
664 215 704 302 [a.
721 221 756 285 0.
770 219 832 306 ³10]
1009 229 1069 292 131

106 385 282 462 interregno
298 385 427 464 quinque
442 383 557 448 dierum
572 391 743 448 contentum
760 385 825 447 iore
844 389 948 468 putesi
982 406 1070 470 quem

107 467 183 529 clari
196 468 307 545 ligendi
318 476 369 528 aut
383 467 520 532 ludorum
532 487 620 530 causa
631 469 803 530 dictatorem
815 471 954 534 audacter
967 476 1069 536 oreesi

106 569 196 634 quam
218 552 267 612 isti
287 551 410 613 stolidos
434 569 469 613 ac
490 553 632 614 socordes
654 553 750 614 rideri
774 554 895 616 creditis
920 574 984 628 eos,
1018 559 1069 637 qui
1079 566 1114 620 11

106 636 185 697 lutra
199 635 372 697 vicesimum
389 636 467 697 diem
481 635 650 715 ingentibus
664 636 753 699 rebus
774 639 864 716 gestis
879 638 1024 701 dictatura
1038 659 1070 702 se

106 718 335 789 abdicaverunt,
363 727 414 781 aut
438 721 490 798 qul
514 723 584 782 vitio
609 721 702 781 creati
722 720 860 783 abierunt
878 724 1070 802 magistratui

108 801 178 882 quid
194 819 249 879 ego
269 804 388 882 antiqua
410 804 563 883 repetam?
594 822 691 884 nuper
705 805 783 865 lutra
808 806 911 866 decem
927 825 1021 868 anuos
1035 807 1066 870 C.
1079 815 1112 866 14

106 882 242 947 Maenius
257 886 397 957 dictator,
413 889 496 968 quia,
518 905 586 949 cum
610 889 798 967 quaestiones
816 890 960 960 severius,
981 909 1070 970 quam

106 968 283 1050 quibusdam
312 971 482 1048 potentibus
508 979 605 1033 tutum
630 979 708 1041 erat,
737 980 904 1042 exerceret,
933 975 1069 1052 contagio

106 1055 185 1125 eius,
202 1054 280 1134 quod
296 1055 459 1133 quaerebat
477 1056 557 1134 ipse,
574 1055 706 1115 criminis
721 1053 867 1117 obiectata
882 1053 920 1116 ab
940 1057 1069 1118 inimicis

106 1143 166 1209 est,
183 1144 217 1198 ut
233 1139 363 1216 privatus
381 1137 497 1198 obviam
516 1139 574 1200 iret
592 1139 725 1210 crimini,
748 1138 893 1200 dictatura
907 1157 940 1200 se
952 1138 1069 1203 abdica·

105 1223 156 1282 rit.
186 1220 257 1280 nolo
272 1239 326 1299 ego
342 1223 428 1283 istam
451 1224 482 1281 in
498 1229 528 1281 te
548 1221 738 1282 modestiam:
759 1239 797 1281 ne
812 1223 1038 1300 degeneraveris
1053 1230 1112 1286 atu

105 1303 216 1366 familia
228 1305 472 1383 imperiosissima
483 1312 513 1366 et
527 1304 752 1382 superbissima:
773 1322 834 1365 non
845 1305 908 1376 die,
925 1324 984 1366 uon
995 1307 1070 1368 hora

106 1388 201 1457 citius,
218 1406 306 1467 mam
318 1405 440 1450 neccsse
453 1395 505 1458 est,
521 1390 694 1466 magistratu
706 1387 823 1457 abieris,
836 1387 925 1448 modo
935 1405 972 1448 ne
984 1407 1068 1449 exce·

106 1471 160 1532 das
175 1472 291 1532 linitum
308 1477 433 1551 tompus.
463 1473 534 1534 satis
550 1478 596 1532 est
609 1478 661 1532 aut
682 1470 760 1538 diem
778 1478 829 1531 aut
844 1487 978 1531 mensem
998 1490 1067 1532 een·
1080 1479 1113 1532 to

106 1573 194 1616 surae
215 1555 352 1616 adiceret
372 1557 550 1628 triennium,
572 1556 683 1634 inquit,
715 1563 744 1614 et
765 1572 818 1615 sex
837 1571 955 1630 menses
981 1553 1067 1626 ultra,

106 1655 197 1720 quam
211 1637 281 1700 licet
291 1639 415 1702 Aemilia
429 1638 510 1719 lege,
527 1657 682 1700 censuram
691 1655 802 1718 geram,
817 1644 847 1698 et
860 1635 940 1698 solus
955 1655 1067 1716 geram.

106 1723 166 1785 boc
179 1722 297 1802 quidem
308 1724 366 1784 iam
378 1741 472 1802 regno
486 1723 582 1786 simile
597 1730 650 1784 est.
681 1739 718 1783 an
730 1721 872 1800 collegam
882 1720 1065 1802 subrogabis,
1079 1730 1110 1781 17

107 1825 197 1888 quom
218 1825 257 1870 ne
279 1806 477 1868 indemortui
497 1808 615 1887 quidem
635 1806 733 1867 locum
758 1804 914 1883 subrogari
941 1805 987 1864 las
1007 1805 1068 1865 esti

106 1891 239 2034 paenitet
253 1892 347 1962 enim,
365 1891 443 1971 quod
462 1892 695 1971 antiquissimum
712 1887 854 1949 sollemne
870 1895 900 1948 et
920 1887 1016 1948 solum
1030 1888 1066 1948 ab
1077 1895 1111 1947 1⁸

117 1993 188 2053 pso,
210 1974 321 2045 curiit,
350 1976 516 2036 institutum
537 1975 607 2042 deo,
628 1973 665 2034 ab
685 1971 875 2032 nobilissimis
890 1971 1068 2032 antistitibus

107 2059 171 2119 eius
188 2059 266 2118 sacri
281 2057 317 2119 ad
332 2075 485 2121 sorvorum
500 2057 696 2118 ministerium
717 2054 874 2132 religiosus
894 2071 1001 2115 censor
1017 2054 1068 2115 de·

107 2141 232 2210 dmisti,
257 2159 331 2220 gens
350 2143 498 2221 antiquior
517 2139 680 2218 originibus
699 2135 781 2197 urbis
807 2137 910 2206 huius,
938 2136 1110 2216 hospitiolo

107 2225 232 2286 deorum
247 2224 447 2286 inmortalium
463 2231 577 2292 sancta,
593 2227 717 2301 proptor
729 2228 760 2280 te
772 2237 806 2279 ac
816 2227 897 2279 tuam
912 2237 1068 2280 censuram

107 2311 187 2370 intra
204 2327 314 2370 annum
335 2307 372 2371 ab
391 2308 483 2386 stirpe
505 2307 633 2366 extincta
653 2309 712 2371 est,
739 2302 796 2361 nisi
814 2302 982 2362 universam
1002 2319 1067 2365 rem

106 2392 257 2474 publicam
269 2412 304 2453 eo
319 2391 432 2452 nefario
444 2387 653 2456 obstrinxeris,
679 2384 758 2464 quod
771 2385 898 2444 ominari
917 2383 1005 2445 etiam
1018 2401 1067 2444 re·

107 2477 248 2539 formidat
261 2477 386 2536 animus.
416 2473 489 2534 urbs
508 2490 543 2532 eo
557 2471 649 2532 lustro
669 2475 754 2546 capta
771 2474 831 2538 est,
852 2484 925 2545 quo,
948 2467 1110 2528 domm-20

106 2568 158 2623 tuo
175 2559 288 2636 collega
302 2559 333 2624 C.
348 2557 422 2618 lulio
437 2572 574 2624 censore,
589 2554 622 2615 L.
634 2552 769 2631 Papirius
781 2551 905 2621 Cursor,
919 2567 957 2610 ue
973 2550 1069 2613 abiret

106 2645 296 2722 magistratu,
312 2642 351 2702 M.
370 2639 538 2703 Cornelium
555 2636 786 2716 Maluginensem
802 2633 945 2712 collegam
961 2635 1066 2695 subro-

107 2728 195 2808 gavit.
226 2732 256 2786 et
269 2732 379 2804 quanto
393 2723 554 2785 modestior
568 2721 647 2782 illius
665 2720 808 2798 cupiditas
826 2717 882 2779 luit
901 2735 989 2798 quam
1005 2727 1064 2790 tua,
1076 2727 1107 2779 21

106 2811 204 2892 Appii
219 2828 276 2870 nec
292 2809 372 2876 solus
387 2826 442 2869 nec
456 2807 533 2868 ultra
544 2806 659 2866 linitum
674 2803 740 2882 lege
754 2809 870 2882 tempus
885 2801 918 2862 L.
932 2803 1068 2882 Papirius

108 2913 264 2957 censuram
280 2893 379 2972 gessit.
411 2900 509 2953 tamen
529 2891 678 2950 neminem
698 2888 823 2959 invenit,
851 2887 902 2966 qui
917 2905 949 2947 se
964 2895 1067 2967 postea

108 2987 259 3041 auctorem
275 2983 462 3056 sequentum
480 2993 582 3036 omnes
600 2974 739 3052 deinceps
754 2989 893 3034 censores
906 2980 973 3049 post
988 2989 1068 3030 mor·

107 3069 168 3126 tem
184 3062 313 3140 collegae
333 3077 366 3120 se
384 3062 556 3139 magistratu
576 3057 759 3118 abdicarunt.
796 3063 826 3116 te
839 3072 894 3114 nec
910 3054 988 3132 quod
1004 3053 1111 3112 diem

108 3147 169 3208 exit
182 3156 340 3214 censurae,
364 3162 420 3205 nec
434 3144 513 3224 quod
528 3142 640 3218 collega
655 3141 828 3216 magistratu
843 3137 926 3206 abiit,
949 3153 1004 3194 nec
1020 3134 1068 3195 lex

108 3247 164 3291 nec
179 3229 275 3308 pudor
297 3234 429 3289 coercet:
463 3229 602 3286 virtutem
617 3227 647 3282 in
662 3221 814 3298 superbia,
838 3221 870 3278 in
885 3217 1020 3287 audacia,
1036 3219 1067 3276 iu

109 3312 408 3392 contemptudeomm
420 3311 631 3385 hominumque
642 3305 737 3383 ponis.
762 3317 817 3380 ego
824 3311 862 3370 te,
873 3301 948 3379 Appi
955 3300 1064 3370 Claudi,
1076 3307 1110 3360 2³

108 3415 163 3477 pro
180 3399 265 3458 istius
280 3397 468 3474 magistratus
479 3393 631 3454 maiestate
646 3405 680 3448 ac
691 3386 882 3454 verecundia,
900 3402 987 3461 quem
1002 3401 1068 3462 ges·

109 3482 187 3552 sisti,
203 3499 264 3541 non
278 3479 366 3540 modo
381 3495 469 3538 manu
483 3474 637 3546 violatum,
657 3471 708 3532 sed
727 3489 766 3532 ue
779 3469 869 3592 verbp
884 3467 1003 3548 quidem
1021 3470 1067 3529 in·
