2538 3946
97 3358 101 3367 x

349 185 798 266 ennox.oe12.34.se.qa.d.
818 183 879 266 eet]
1039 183 1100 251 tsi

138 363 236 435 partes
252 354 482 432 circumspectus
497 359 588 423 esset,
604 351 691 430 longe
705 351 821 430 lateque
836 350 983 412 silentium
999 367 1033 412 ac
1049 367 1097 410 so-

138 438 291 500 itudiuem
308 438 429 507 vidisse,
451 435 597 516 extemplo
619 435 880 496 consul'cobortes
901 435 1139 514 expeditasinii

138 521 241 583 urbem
257 521 384 589 induxit,
408 527 523 580 ceteros
544 522 662 581 interim
683 530 778 581 castra
799 521 981 579 communire
1002 521 1093 579 iussit.

138 605 263 684 ingressi
278 603 385 664 milites
400 604 536 665 reiractis
557 604 669 665 loribus
688 621 797 683 paucos
814 619 916 681 graves
937 610 1031 663 aetate
1046 603 1139 663 antii

137 688 280 749 invalidos
295 690 448 748 inveniunt
468 687 643 768 relictaque,
666 705 741 767 quae
757 690 883 766 migratu
904 686 1034 746 difficilia
1049 704 1094 747 es-

136 779 211 833 sent.
237 791 270 832 ea
283 773 410 850 direpta;
424 779 453 832 et
464 774 612 850 cognitum
624 791 659 832 ex
671 773 791 850 captivis
803 780 847 832 est
861 771 1013 832 communi
1025 787 1095 830 con·
1104 773 1140 828 to

137 856 202 915 silio
217 856 326 936 aliquot
346 859 426 917 circa
446 854 535 917 urbes
558 857 705 917 conscisse
727 857 842 934 lugam:
860 873 929 916 suos
944 857 1039 933 prima
1053 856 1094 914 vi·

137 939 204 1018 gilia
213 941 375 1018 proiectos:
390 939 521 1011 credere,
536 941 696 1002 eandemin
708 938 1094 1001 aliisurbibussolitudinem

137 1026 315 1086 inventuros.
346 1025 431 1084 dictis
447 1026 628 1104 captivorum
649 1025 721 1084 fides
743 1026 852 1094 extitit;
870 1023 995 1084 desertis
1010 1025 1140 1103 oppii-tt

138 1106 300 1167 dissensui
317 1111 436 1186 potitur.
1204 1170 1206 1174 .

200 1191 310 1252 XXXV.
341 1192 433 1252 Alteri
448 1189 559 1251 consuli
574 1189 612 1250 lii.
627 1189 712 1250 Atilio
728 1208 911 1268 nequaquam
927 1197 986 1250 tam
1008 1189 1124 1250 iaciie'i

137 1273 246 1334 bellum
267 1274 332 1334 luit.
368 1273 491 1334 eumad
513 1274 668 1332 Luceriam
690 1273 811 1332 duceret
838 1273 983 1349 legiones,
1005 1292 1092 1350 quam

137 1359 302 1436 oppugnari
326 1355 362 1415 ab
380 1355 559 1416 Samnitibus
580 1355 726 1424 andierat,
754 1356 790 1415 ad
811 1355 898 1414 tinem
916 1355 1094 1416 Lucerinum

138 1441 164 1497 ei
183 1441 274 1498 hostis
287 1438 388 1498 olutus
403 1439 466 1500 tuit.
499 1438 541 1500 ibi
562 1440 607 1499 ira
621 1439 698 1499 rires
716 1439 857 1518 aequavit.
885 1437 1030 1516 proelium
1044 1449 1127 1498 aaz

136 1523 215 1582 rium
233 1531 263 1580 et
287 1540 395 1600 auceps
417 1522 487 1594 luit,
511 1523 625 1584 tristius
644 1531 742 1584 tamen
764 1531 869 1582 eventu
883 1521 1037 1589 Romanis,
1064 1529 1094 1582 et

137 1606 204 1683 quia
219 1605 326 1664 insueti
341 1613 425 1666 erant
440 1608 530 1677 vinci,
554 1614 584 1668 et
598 1608 664 1687 quia
679 1607 877 1686 digredientes
896 1606 991 1683 magis
1005 1623 1092 1684 qoam

136 1690 246 1768 inipso
268 1693 429 1750 certamine
450 1699 620 1760 senserunt,
642 1701 783 1773 quantum
802 1692 834 1751 in
853 1707 905 1750 sua
924 1697 1007 1770 parte
1027 1689 1094 1769 plus

136 1771 289 1833 vulnerum
306 1791 340 1834 ac
356 1774 454 1835 caedis
468 1774 579 1836 luisset.
610 1777 709 1855 itaque
723 1777 748 1835 is
763 1783 860 1836 terror
880 1776 911 1834 in
926 1775 1030 1836 castris
1044 1792 1091 1834 or·
1103 1777 1141 1835 a?

136 1864 191 1928 tus,
208 1858 258 1936 qui
272 1859 297 1916 si
308 1865 472 1936 pugnantes
484 1860 617 1938 cepisset,
633 1861 757 1937 insignis
768 1866 886 1937 accepta
898 1857 989 1918 cladis
1000 1857 1091 1928 ioret;
1136 1871 1141 1880 ⁴

135 1947 198 2002 tum
213 1960 329 2020 quoque
343 1941 466 2004 sollicita
478 1942 602 2003 nonfuit
616 1944 673 2003 iam
687 1945 855 2003 invasurum
869 1949 965 2002 castra
976 1941 1091 2002 Somni·

135 2032 196 2086 tem
210 2025 399 2087 credentibus
414 2033 464 2087 aut
479 2027 574 2104 prima
594 2025 658 2088 luce
673 2045 741 2087 cum
759 2025 919 2086 victoribus
933 2042 1087 2085 conseren-

136 2107 311 2176 dasmanus,
340 2113 437 2170 miuus
454 2109 558 2181 cladis,
576 2117 706 2171 ceterum
721 2127 781 2170 non
796 2109 862 2188 plus
876 2111 1040 2170 animorum
1055 2110 1124 2170 ada

134 2191 234 2254 hostes
250 2201 322 2254 erat.
347 2193 399 2254 ubi
413 2195 541 2272 primum
555 2192 674 2265 inluxit,
691 2192 772 2256 abire
786 2195 849 2254 sine
865 2195 1024 2256 certamine
1040 2212 1089 2254 cu-

134 2277 234 2356 piunt:
250 2277 302 2336 sed
317 2279 362 2336 via
377 2295 450 2350 uua,
468 2284 497 2338 et
511 2297 544 2340 ea
554 2279 617 2356 ipsa
632 2290 750 2358 praeter
768 2279 866 2340 hostes
877 2286 955 2347 erat:
974 2296 1031 2356 qua
1045 2280 1090 2338 in·

135 2361 228 2437 gressi
244 2360 408 2438 praebuere
426 2363 554 2442 speciem
576 2369 657 2423 recta
676 2361 859 2422 tendentium
875 2361 911 2422 ad
927 2370 1021 2423 castra
1038 2381 1089 2442 op-

134 2444 300 2522 pugnanda.
333 2444 436 2505 consul
460 2463 541 2508 arma
560 2463 667 2526 capere
685 2445 792 2506 milites
812 2444 894 2507 iubet
913 2453 943 2506 et
962 2447 1045 2524 sequi
1060 2453 1123 2507 sea

135 2534 217 2587 extra
228 2527 351 2597 vallum;
366 2528 471 2606 legatis
484 2530 611 2592 tribunis
621 2530 779 2612 praelectis
793 2531 940 2590 sociorum
955 2531 1088 2606 imperat,

134 2610 213 2690 quod
230 2612 308 2689 apud
323 2631 470 2692 quemque
489 2614 567 2677 lacto
586 2633 660 2694 opus
683 2622 735 2674 est.
766 2631 869 2674 omnes
890 2613 1046 2674 adilrmant
1059 2621 1121 2674 seo

133 2694 252 2774 quidem
268 2699 366 2756 omnia
383 2697 526 2767 lecturos,
549 2698 600 2758 sed
618 2697 742 2758 militum
757 2699 854 2760 iacere
875 2699 1004 2766 animos;
1029 2704 1089 2759 tota

133 2785 220 2839 nocte
235 2781 312 2840 inter
324 2779 444 2840 minere
460 2788 489 2842 et
504 2782 630 2860 gemitus
645 2783 834 2842 morientium
846 2781 994 2860 vigilatum
1010 2800 1087 2854 esse;

133 2863 157 2921 si
169 2870 236 2922 ente
247 2862 343 2924 iucem
356 2861 394 2924 ad
406 2870 627 2927 castramntum
639 2866 723 2937 ioret,
737 2873 848 2928 tantum
860 2867 975 2947 pavoris
990 2867 1088 2938 luisse,
1101 2877 1117 2926 7

133 2944 412 3024 attuierunt-..signa
433 2949 558 3018 inerint;
582 2967 660 3011 nunc
677 2951 791 3030 pudore
812 2952 912 3030 aloga
934 2954 1087 3021 contineri,

30 3081 31 3084 ,
133 3027 240 3107 alioqui
255 3049 309 3108 pro
324 3033 407 3091 victis
432 3049 506 3094 esse.
541 3052 616 3114 quae
631 3033 683 3095 ubi
699 3035 801 3096 consul
821 3039 949 3115 accepit,
971 3035 1118 3097 sibimet8

132 3112 188 3190 ipsi
209 3113 435 3176 circumeundos
460 3116 717 3198 adloquendosque
742 3118 848 3180 milites
872 3128 969 3190 ratus,
994 3127 1028 3179 ut
1051 3119 1088 3178 ad

133 3214 264 3276 quosque
296 3206 431 3269 venerat,
457 3208 628 3263 cunctantes
654 3221 734 3264 arma
762 3221 868 3283 capere
899 3202 1086 3281 increpabam

131 3279 201 3358 quid
218 3291 368 3342 cessarent
378 3285 717 3367 tergiversarenturquei
735 3288 848 3349 hostem
863 3288 894 3348 in
909 3294 1002 3347 castra
1018 3295 1118 3346 ren-9

112 3369 246 3476 Xturum,
262 3367 318 3425 nisi
333 3367 373 3426 illi
393 3376 476 3430 extra
494 3377 590 3432 castra
607 3373 749 3443 exissent,
766 3380 795 3433 et
810 3390 865 3452 pro
879 3373 1013 3433 tentoriis
1027 3371 1088 3430 suis

130 3455 326 3526 pugnaturos,
343 3452 368 3510 si
379 3469 435 3532 pro
452 3452 525 3514 vallo
539 3454 660 3517 nollent.
692 3459 810 3519 armatis
833 3475 867 3519 ac
882 3455 1089 3519 dimicantibus
