2526 3940
192 221 229 274 ιν
564 221 769 270 rnnnrnmo.
881 193 885 202 ’

192 342 250 414 Qui
265 357 442 419 quamquam
461 341 497 402 de
508 342 631 421 singulis
646 341 719 402 loeis
731 341 890 404 tractandis
901 359 1017 403 meeum
1029 338 1144 402 dIssen·

192 427 236 494 tit,
253 430 352 485 tamen
366 427 397 484 iu
412 441 447 484 eo
462 427 621 493 consentit,
643 427 770 504 optimos
789 424 906 486 codices
921 431 1064 502 quantum
1077 423 1142 484 fleri

192 509 286 587 possit
301 525 366 568 esse
380 507 555 585 sequendos,
573 517 602 568 et
615 509 647 568 in
661 509 756 587 prima
767 506 886 584 quidem
897 507 1006 568 decade
1022 523 1141 568 accura-

191 591 252 651 tius
266 591 363 660 etiam,
380 606 468 667 qnam
482 609 499 652 a
512 609 560 652 me
574 592 684 651 lactum
697 592 745 660 sit,
760 590 882 651 llledicei
898 589 1007 651 codicis
1023 591 1143 666 vestigia

74 701 78 707 ·
191 673 353 752 premenda
368 691 433 734 esse
448 679 559 735 censet.
581 674 690 734 Contra
701 673 763 734 Nic.
777 672 936 751 Madvigius
950 674 981 734 in
997 672 1141 733 Emenda-

192 755 322 817 tionibuo
337 755 461 816 Livianis
476 775 500 817 a.
520 760 600 824 1860
615 755 702 816 editis
721 757 751 817 id
766 757 841 833 egit,
857 763 891 816 nt
905 755 1056 817 codicibus
1070 755 1143 816 Livii

193 857 228 899 ex
244 837 403 918 archetypo
418 840 475 899 iam
495 839 595 900 multis
616 839 711 899 modis
734 839 891 918 depravato
913 839 1069 918 descriptis
1083 856 1143 898 non

191 923 232 982 ita
246 920 372 981 multum
393 921 574 982 auctoritatis
594 928 624 982 et
638 924 780 982 momenti
795 922 983 983 tribuendum
1004 939 1069 982 esse
1090 921 1141 981 de·

192 1011 380 1073 monstraret,
397 1010 427 1063 ct
437 1002 493 1064 boe
505 1005 592 1065 modo
607 1005 644 1065 ad
656 1006 819 1066 orationem
829 1004 1037 1082 Livii,qualem
1051 1005 1143 1064 luisse

191 1086 249 1147 sibi
261 1087 418 1165 persuasit,
434 1087 646 1148 restituendam
658 1089 732 1148 viam
743 1087 891 1166 patefecit.
917 1087 1020 1165 ltaque
1035 1086 1143 1170 multos

190 1168 425 1246 locosareliquis
431 1169 593 1232 editoribus
599 1177 649 1230 aut
660 1172 771 1231 irustra
778 1177 828 1232 aut
838 1173 936 1232 minus
948 1176 1142 1231 rectetracta·

87 1298 89 1306 ,
193 1259 238 1312 tos
249 1253 417 1313 acutissime
429 1253 603 1322 emendavit,
616 1252 689 1313 alios
699 1253 831 1315 nondum
842 1259 969 1314 tentatos
980 1255 1010 1313 in
1021 1252 1143 1313 dubium

192 1334 304 1395 vocavit
319 1340 349 1392 et
363 1331 481 1392 latentia
497 1337 648 1396 etiamtum
663 1335 785 1397 vulnera
805 1343 856 1396 aut
876 1339 987 1396 sanavit
1007 1342 1058 1396 aut
1073 1333 1143 1411 quid

191 1417 395 1494 requireretur
407 1415 530 1492 aperuit.
548 1413 584 1474 lit
594 1411 647 1472 bas
659 1417 778 1488 quidem
788 1421 973 1480 coniecturas
987 1417 1143 1496 plerasque

192 1507 222 1560 et
242 1514 332 1558 novas
352 1495 423 1557 alias
443 1497 473 1555 in
494 1495 612 1555 Liviano
636 1513 728 1573 opere
747 1494 845 1555 denuc
865 1497 1017 1556 tractando
1037 1507 1088 1555 aut
1107 1499 1143 1558 ab

193 1584 258 1660 ipso
273 1585 325 1641 aut
339 1597 356 1638 a
370 1579 458 1638 sociis
472 1579 534 1638 suis
549 1577 640 1639 iactas
655 1580 684 1636 in
705 1576 879 1646 editionem,
896 1593 983 1654 quam
998 1577 1143 1638 adornare

192 1664 299 1741 coepit,
315 1659 499 1740 recipiendas
513 1661 632 1738 putavit.
663 1660 706 1720 lix
717 1659 825 1736 quibus
837 1661 917 1720 euris
928 1666 1069 1737 quantum
1086 1661 1142 1721 uti·

192 1747 282 1807 litatis
297 1745 333 1806 ad
346 1743 417 1804 Livii
428 1745 591 1804 orationem
602 1743 815 1803 emendandam
823 1743 1005 1804 redundaret
1016 1745 1047 1804 in
1063 1748 1144 1803 tanto

192 1829 327 1907 Madvigii
353 1827 487 1887 acumine
518 1832 656 1904 tantaque
683 1825 799 1910 linguae
824 1826 945 1886 Latinae
971 1827 1093 1887 scientia
1119 1827 1144 1885 si

192 1911 293 1974 multis
307 1909 478 1990 praedicare
493 1908 611 1978 vellem,
634 1927 698 1968 rem
718 1915 811 1969 actam
826 1926 953 1985 agerem.
985 1909 1022 1969 lit
1036 1909 1143 1969 Emen-

192 1995 326 2056 dationes
341 1992 469 2070 quidem,
486 1991 593 2070 quibus
608 1998 669 2052 turn
686 1991 756 2052 solis
770 1990 844 2052 mibi
857 1994 901 2052 uti
916 1991 1009 2060 licuit,
1025 1993 1144 2051 maximi

136 2140 142 2157 ,
194 2079 229 2139 sd
245 2077 318 2137 Livii
332 2094 407 2154 opus
421 2075 583 2153 integritati
597 2075 814 2136 restituendum
825 2091 890 2135 esse
900 2075 1042 2135 momenti
1053 2081 1082 2134 et
1096 2092 1144 2142 me

193 2179 243 2230 ea,
260 2177 336 2238 quae
351 2158 424 2220 milri
436 2157 649 2236 probarentur,
665 2157 734 2218 inde
748 2159 886 2236 petivisse
900 2159 931 2216 in
946 2158 1068 2235 praelat.
1087 2156 1142 2217 vol.

193 2245 224 2306 V.
242 2243 311 2304 edit.
327 2241 585 2304 Weidmannianae
604 2241 758 2319 professus
775 2258 871 2308 eram;
896 2245 993 2300 tamen
1014 2241 1046 2300 V.
1064 2239 1096 2301 lt.
1114 2242 1144 2299 in

192 2327 284 2406 praei.
299 2324 354 2387 vol.
371 2325 419 2386 lll.
438 2324 573 2385 editionis
587 2341 658 2384 suae
673 2324 712 2383 ita
727 2324 853 2384 affirmat
867 2341 899 2384 se
915 2322 1024 2383 utiliter
1041 2330 1070 2382 et
1083 2339 1144 2383 non

192 2409 377 2487 negligenter
397 2425 445 2476 ea,
467 2423 542 2484 quae
556 2407 751 2484 recepissem,
772 2408 803 2466 in
818 2405 1077 2467 Emendationibus
1091 2423 1142 2485 po·

193 2494 302 2561 suisse,
330 2491 414 2568 quasi
436 2506 490 2567 ego
512 2495 562 2550 aut
582 2505 737 2566 negassem
758 2487 861 2548 utilem
882 2505 946 2550 esse
966 2487 1076 2549 librum
1096 2493 1146 2549 aut

192 2576 299 2637 damno
315 2572 386 2634 mibi
400 2573 492 2633 luisse
508 2578 538 2632 et
552 2569 736 2649 negligenter
750 2572 894 2648 scriptum
909 2588 973 2632 esse
989 2571 1143 2638 dixissem:

193 2665 222 2718 et
236 2658 318 2719 locos
332 2655 487 2732 diligenter
502 2655 697 2723 enumeravit,
719 2655 749 2712 in
770 2652 877 2730 quibus
897 2671 983 2715 suum
1004 2653 1145 2714 iudicium

192 2747 313 2802 secutus
334 2755 445 2806 essem,
467 2739 551 2814 quasi
572 2735 645 2797 nibil
666 2752 804 2812 umquam
818 2738 849 2797 in
864 2736 1054 2806 editionibus,
1071 2753 1145 2813 quas

192 2825 302 2904 paravi,
318 2838 373 2901 per
384 2838 432 2882 me
442 2823 506 2899 ipse
517 2819 728 2888 emendassem,
745 2835 841 2896 neque
856 2819 1016 2896 quidquam
1031 2826 1145 2880 mutare

193 2925 231 2968 ne
246 2923 367 2967 errores
382 2903 501 2981 quidem
516 2901 733 2982 typothetarum
747 2903 806 2963 iam
820 2901 979 2972 indicatos,
1001 2901 1079 2962 velut
1094 2907 1143 2972 24,

193 2994 243 3059 42,
260 2994 289 3058 6,
305 2988 404 3047 videre
420 3003 546 3066 possem.
577 2985 696 3046 Etcum
711 2985 814 3046 eodem
830 2984 895 3045 loco
911 3003 958 3054 ea,
981 3002 1057 3064 quae
1076 3003 1145 3046 vera

192 3078 301 3140 essent,
311 3076 502 3150 spectantem,
511 3085 570 3146 qua
580 3068 694 3129 ratione
707 3068 886 3137 dicerentur,
895 3086 955 3129 non
966 3085 1144 3147 magnopere

193 3174 241 3217 me
256 3172 362 3217 curare
376 3153 429 3214 sed
444 3168 539 3229 aequo
551 3152 648 3212 animo
663 3151 743 3212 serre
759 3160 788 3212 et
801 3170 888 3213 suum
904 3169 1050 3230 quemque
1064 3154 1094 3212 in
1111 3169 1143 3211 ea

193 3258 227 3301 re
247 3239 388 3300 iudicium
407 3237 507 3314 sequi,
528 3236 729 3314 scripsissem,
746 3237 830 3312 quasi
840 3237 957 3314 gravius
969 3242 999 3296 et
1010 3234 1144 3296 acerbius

192 3325 223 3384 in
238 3340 306 3384 curn
320 3323 452 3382 invectus
467 3337 577 3388 essem,
598 3317 686 3397 paulo
706 3320 803 3380 minus
818 3337 866 3380 me
881 3319 937 3380 sibi
952 3317 1143 3379 offensionem

193 3407 283 3466 animi
302 3403 440 3466 debuisse
459 3403 624 3480 significare
644 3401 755 3464 scribit.
788 3402 866 3464 llaec
887 3403 1065 3471 omisissem,
1087 3401 1144 3462 nisi

193 3489 353 3549 cavendum
365 3505 431 3548 esse
445 3493 594 3573 putarem,
611 3503 648 3546 ne
663 3488 708 3555 iis,
724 3487 855 3564 quirnea
870 3503 928 3547 non
944 3485 1095 3563 legerunt,
1111 3485 1143 3545 in
