2542 3956
299 233 395 274 nnana
407 233 497 274 mn.
510 232 577 274 can.
595 221 637 275 ll.
654 221 695 274 12.
713 212 752 294 [a.
766 215 800 278 Ο.
815 213 877 298 ata]
1005 221 1077 284 329Ι

106 397 161 448 se,
177 397 381 459 quaecumque
401 381 543 459 imperata
562 380 633 449 sint,
657 397 723 440 cum
744 399 858 442 summa
872 382 1014 462 religione
1034 391 1099 446 acc

107 461 260 541 diligentia
273 470 442 524 exsecutum
453 463 593 524 coronam
604 463 715 526 Romae
727 465 757 524 in
770 483 851 526 aram
862 466 1003 544 Apollinis
1017 468 1067 528 de·

107 548 254 625 posuisse.
291 553 411 606 senatus
429 546 572 616 decrevit,
595 553 627 607 ut
649 565 701 609 cae
721 566 769 609 res
793 548 908 610 divinae
922 551 1066 630 supplica·

107 631 266 708 tionesque
281 631 379 708 primo
391 648 508 710 quoqne
522 638 658 710 tempore
671 649 738 692 cum
754 650 824 693 cura
838 633 952 694 tierent.

175 712 250 774 llum
272 713 348 774 baec
364 714 475 775 Romae
501 721 588 794 atque
610 716 641 774 in
667 714 747 776 ltalia
771 723 928 794 geruntur,
951 719 1100 778 nuntius?

109 798 251 857 victoriae
264 797 300 857 ad
317 796 431 859 Cannas
442 797 648 876 Carthaginem
664 807 784 860 venerat
798 800 881 878 Mago
896 800 1069 862 Hamilcaris

109 878 198 950 iilius,
214 897 275 940 non
286 899 322 941 ex
336 883 399 961 ipsa
411 883 500 942 aclea
515 883 606 942 fratre
618 885 731 954 missus,
747 883 799 944 sed
814 891 946 944 retentus
961 884 1070 964 aliquot

112 963 177 1024 dies
203 965 234 1023 in
251 965 428 1042 recipiendis
442 965 604 1027 civitatibus
621 966 804 1028 Bruttiorum
819 985 952 1047 quaeque
969 966 1005 1004 ⁴¹*
1019 968 1101 1029 dea

111 1045 260 1108 finiebant.
296 1049 335 1119 is,
359 1066 425 1110 cum
447 1049 474 1109 ei
495 1057 614 1110 senatus
634 1051 718 1112 datus
738 1058 828 1118 esset.
853 1069 902 1111 res
924 1059 1020 1130 gestas
1039 1053 1071 1113 in

111 1129 194 1192 Italia
211 1149 227 1192 a
245 1129 336 1192 iratre
352 1134 485 1212 exponit:
503 1151 570 1193 cunr
587 1151 639 1194 sex
652 1134 879 1212 imperatoribus
895 1153 977 1206 eum,
998 1155 1070 1214 quo·

112 1232 182 1275 rum
195 1223 333 1293 quattuor
346 1215 497 1285 consules,
519 1217 577 1276 duo
592 1215 717 1278 dictator
732 1235 766 1276 ac
785 1220 925 1296 magister
939 1220 1070 1298 equitum

113 1298 239 1368 luerint,
259 1316 325 1358 cum
338 1316 389 1359 sex
403 1298 608 1360 consularibus
622 1299 800 1362 exercitibus
814 1302 875 1362 acie
891 1303 1071 1372 conflixisse;

99 1367 258 1442 “occidisse
269 1399 357 1460 snpra
372 1380 497 1443 ducenta
513 1382 591 1444 milia
602 1383 745 1454 hostium,
760 1402 848 1463 supra
864 1387 1073 1465 quinquaginta

115 1465 240 1543 cepisse.
268 1483 304 1524 ex
315 1473 452 1544 quattuor
467 1465 636 1527 consulibus
648 1467 722 1528 duos
737 1468 892 1538 occidisse,
911 1487 946 1528 ex
960 1468 1105 1530 duobusa

115 1550 248 1609 saucium
270 1548 409 1621 alterum,
434 1549 558 1611 alterum
578 1557 639 1611 totn
662 1553 768 1612 amisso
792 1554 922 1612 exercitu
944 1554 990 1613 vix
1006 1570 1073 1613 cum

115 1632 326 1712 quinquaginta
347 1633 515 1694 hominibus
542 1633 688 1713 effugisse.
734 1637 905 1714 magistrum
934 1637 1072 1714 equitum,
1086 1641 1119 1694 ta

116 1733 192 1796 quae
208 1716 369 1778 consularis
392 1726 519 1796 potestas
540 1719 589 1789 sit,
612 1718 708 1779 lusum
725 1720 871 1797 fugatum
893 1719 1074 1787 dictatorem,

117 1800 184 1879 qula
198 1817 231 1858 se
242 1803 273 1860 in
288 1802 380 1860 aciem
393 1819 552 1881 numquam
564 1803 745 1862 commiserit
773 1805 893 1863 unicum
904 1802 1007 1863 haberi
1021 1805 1076 1862 inr-

118 1890 296 1964 peratorem.
322 1883 451 1945 Bruttios
462 1884 644 1963 Apulosque,
663 1887 770 1963 partim
782 1886 955 1946 Samnitium
972 1905 1006 1946 ac
1018 1886 1075 1946 Lu·
1087 1891 1117 1944 11

119 1983 261 2027 canorum
278 1965 421 2028 deiecisse
443 1966 479 2028 ad
494 1969 618 2030 Poenos.
651 1967 793 2049 Capuam,
816 1969 895 2046 quod
912 1977 999 2046 eaput
1016 1986 1075 2028 non

119 2049 294 2128 Campaniae
309 2051 411 2122 modo,
427 2050 479 2112 sed
496 2059 563 2130 post
577 2051 723 2111 adflictam
744 2068 807 2110 rem
824 2051 986 2112 Romanam
1003 2051 1076 2112 Can·

120 2135 205 2194 nensl
225 2151 323 2211 pugna
342 2133 442 2195 ltaliae
459 2136 511 2203 sit,
533 2132 688 2194 Hannibali
704 2151 737 2194 se
762 2133 924 2194 tradidisse.
959 2151 1014 2214 pro
1030 2134 1075 2194 bis
1090 2141 1132 2200 12¹

120 2217 207 2276 tantis
223 2223 324 2293 totque
340 2218 468 2276 victoriis
486 2234 588 2277 rerum
603 2233 667 2278 ease
681 2224 779 2295 grates
800 2217 861 2278 deis
875 2217 1079 2279 inmortalibus

120 2299 167 2376 agi
183 2298 354 2378 haberique.
387 2299 449 2361 llll.
477 2299 521 2360 Ad
533 2299 620 2360 iidem
636 2299 742 2361 deinde
751 2308 810 2361 tam
821 2300 963 2362 laetarum
978 2317 1078 2360 rerum
1091 2307 1104 2358 t

121 2381 232 2443 edundi
248 2381 436 2444 investibulo
452 2384 550 2444 curiae
564 2385 649 2444 iussit
663 2382 765 2452 anulos
781 2402 897 2455 aureos,
914 2385 964 2464 qui
981 2391 1079 2446 tantus

121 2483 243 2528 acervus
263 2466 332 2537 luit,
355 2474 387 2527 ut
407 2466 596 2528 metientibus
626 2485 715 2546 supra
735 2469 790 2528 tris
811 2468 925 2529 modios
946 2466 1079 2547 explesse

8 2597 9 2602 η
121 2551 182 2611 sint
195 2549 313 2629 quidam
326 2557 477 2621 auctores;
496 2550 573 2611 lama
589 2553 696 2621 tenuit,
710 2570 785 2632 quae
800 2553 922 2632 propior
939 2568 1008 2611 vero
1026 2559 1110 2619 esta

122 2634 199 2694 haud
216 2633 283 2713 plus
297 2633 388 2695 luisse
401 2634 509 2696 modio.
542 2634 648 2696 adiecit
662 2634 769 2696 deinde
785 2634 897 2706 verbis,
914 2653 971 2715 quo
989 2637 1079 2696 maic-

8 2761 10 2794 3
123 2719 164 2778 ris
185 2717 276 2778 cladis
303 2718 443 2778 indicium
464 2725 555 2788 esset,
586 2720 735 2780 neminem
756 2719 813 2780 nisi
838 2720 966 2798 equitem
993 2725 1080 2798 atque

8 2795 10 2852 ἓ
124 2819 227 2864 eorum
241 2804 374 2881 ipsorum
395 2803 542 2881 primores
563 2801 594 2862 id
611 2819 715 2880 gerere
735 2804 858 2881 insigne.
893 2820 1007 2864 summa
1027 2802 1109 2863 inita

124 2888 282 2955 orationis,
298 2905 356 2967 quo
367 2889 488 2966 propius
501 2903 584 2966 spem
599 2886 772 2966 perficiendi
784 2888 830 2958 sit,
846 2905 882 2948 eo
896 2889 989 2966 magis
1002 2887 1082 2946 omni
1187 2880 1191 2889 ⁴

125 2987 180 3046 ope
197 2971 355 3032 iuvandum
378 2969 572 3032 Hannibalem
595 2989 669 3032 esse.
711 2970 814 3052 procul
838 2973 916 3032 enim
938 2970 974 3031 ab
994 2969 1081 3029 domo

126 3049 258 3112 militiam
282 3072 346 3114 esse
365 3054 396 3113 in
418 3055 513 3116 media
530 3054 659 3114 bostium
680 3062 774 3126 terra,
795 3072 932 3131 magnam
945 3054 1003 3111 vim
1019 3053 1110 3110 ira-4

8 3179 10 3206 ἶ
126 3137 217 3196 menti
232 3137 374 3214 pecuniae
391 3136 514 3205 absumi,
530 3143 560 3194 et
575 3141 618 3194 tot
633 3137 723 3202 acies,
743 3142 777 3195 nt
791 3135 919 3196 hostium
936 3135 1082 3194 exercitus

128 3216 253 3288 delesse,
277 3221 317 3280 ita
339 3219 456 3279 victoris
479 3219 567 3279 etiam
584 3219 683 3297 copias
702 3225 785 3296 parte
808 3217 904 3298 aliqua
926 3215 1081 3278 minuisse·¹

128 3303 300 3364 mittendum
313 3302 401 3379 igitur
412 3301 648 3382 supplementum
660 3318 733 3372 esse,
747 3303 918 3363 mittendam
927 3302 958 3363 in
973 3301 1081 3378 stipen·
1095 3307 1113 3358 t>

128 3387 207 3448 dium
232 3387 387 3466 pecuniam
411 3386 648 3466 frumentumque
670 3392 730 3446 tarn
752 3385 829 3447 bene
851 3386 963 3448 meritis
979 3384 1015 3446 de
1030 3403 1081 3446 no·

127 3472 207 3532 mine
220 3471 331 3533 Punico
348 3469 498 3532 militibus.
