2538 3946
175 192 236 258 182
330 204 465 268 nmusx.
480 201 548 244 ose.
565 187 608 241 ³1.
622 189 666 244 32.
681 179 721 263 [s.
736 202 769 244 u.
783 201 810 242 c.
827 186 888 242 459.
903 175 966 265 460]

174 374 225 418 sus
241 351 419 415 rebellantes
438 356 559 422 totiens,
580 351 663 414 illinc
677 349 714 412 ab
728 348 831 412 ultima
845 349 904 409 iam
923 347 1133 415 dimicantibus
1260 343 1261 346 ’

146 447 237 519 repe.
263 457 347 500 caesa
364 455 435 516 ergo
451 437 626 500 Samnitium
640 435 769 496 sedecim
788 431 868 494 milia
883 435 1025 504 trecenti,
1046 443 1133 515 capta
1261 479 1263 512 ,

174 525 233 586 duo
249 523 328 584 milia
343 523 536 601 septingenti;
560 539 596 583 ex
609 521 742 582 Romano
765 518 895 580 exercitu
915 517 1050 579 cecidere
1072 518 1132 581 duo
1262 527 1263 530 ’

173 607 253 670 milia
267 607 454 687 septingenti.
607 642 609 645 .

144 697 162 749 8
234 690 316 752 Felix
330 709 424 752 annus
438 689 553 752 bellicis
567 687 671 760 rebus,
683 687 851 768 pestilentia
866 687 964 764 mavis
975 685 1132 766 prodigiis·

174 793 231 855 que
244 772 397 836 sollicitus.
434 792 502 836 nam
525 781 555 836 et
567 780 679 834 terram
700 772 891 834 multifariam
911 770 1038 850 pluvisse
1054 779 1084 833 et
1099 772 1133 833 in

174 859 306 920 exercitu
319 859 372 938 rip.
389 856 501 920 Claudii
517 856 673 938 plprosque
689 853 861 918 fulminibus
878 856 951 915 ictos
966 856 1133 916 mundatum
1264 864 1265 918 t

145 949 234 1012 sest,
253 941 381 1020 librique
395 940 434 1002 ob
448 942 522 1003 baec
538 940 618 1002 aditi.
632 973 676 986 -
689 940 732 1002 Eo
745 957 822 1001 anno
838 938 991 1011 Q.Fabius
1005 939 1132 1018 Gurges,

174 1025 303 1087 consulis
317 1025 408 1094 filius,
436 1024 547 1105 aliquot
565 1033 714 1086 matronas
734 1024 771 1087 ad
786 1023 927 1103 populum
940 1023 1035 1101 stupri
1050 1023 1133 1084 dam·

174 1117 259 1171 natas
280 1109 406 1189 pecunia
427 1108 574 1179 multavit,
598 1126 634 1170 ex
657 1127 715 1187 quo
736 1106 898 1169 multaticio
919 1124 987 1166 aere
1010 1107 1134 1168 Veneris

175 1191 295 1262 aedem,
311 1209 387 1271 quae
400 1209 495 1273 prope
508 1194 620 1253 circum
638 1199 697 1262 est,
716 1190 879 1252 faciendam
895 1191 1016 1251 curavit.

134 1282 167 1334 10
239 1277 404 1356 Supersunt
415 1277 594 1343 etiamnunc
611 1276 785 1338 Samnitium
800 1273 892 1345 bella,
908 1291 983 1354 quae
994 1276 1134 1336 contiuua

174 1376 229 1441 per
248 1368 385 1440 quartum
407 1361 467 1421 iam
483 1359 620 1421 volumen
634 1377 803 1440 annumque
826 1368 941 1444 sextum
958 1365 988 1420 et
1007 1357 1133 1437 quadra·

174 1445 319 1522 gesimum
343 1443 414 1512 all,
429 1442 546 1505 Valerio
568 1444 602 1504 Α.
624 1443 761 1505 Cornelio
776 1441 962 1511 consulibus,
979 1444 1030 1521 qui
1044 1443 1134 1520 primi

132 1533 163 1587 11
177 1529 297 1590 Samnio
311 1544 394 1588 arma
407 1526 587 1597 intulerunt,
598 1529 722 1605 agimus.
758 1535 787 1586 et
803 1543 841 1587 ne
854 1533 898 1587 tot
912 1543 1056 1586 annorum
1073 1524 1132 1588 cla·

175 1611 227 1672 des
239 1613 393 1689 utriusque
410 1611 507 1689 gentis
521 1608 696 1690 laboresque
708 1616 788 1671 actos
808 1626 888 1670 nunc
903 1610 1043 1681 referam,
1068 1611 1133 1690 qui·

132 1701 166 1755 12
175 1693 232 1756 bus
246 1695 433 1773 nequiverint
456 1702 556 1754 nmen
583 1692 657 1754 dura
681 1693 730 1754 illa
746 1700 866 1771 pectora
880 1694 972 1764 vinci,
998 1695 1133 1772 proximo

175 1795 252 1840 anuo
269 1777 416 1838 Samnites
428 1778 461 1838 in
475 1777 619 1838 Sentinati
638 1794 725 1855 agro,
738 1775 897 1854 Paelignis,
912 1776 950 1838 ad
967 1777 1132 1851 Tifernum,

175 1859 346 1923 Stellatibus
361 1862 489 1940 campis,
505 1863 566 1921 suis
581 1862 639 1939 ipsi
652 1860 833 1939 legionibus,
855 1861 938 1921 mixti
954 1859 1071 1931 alienis,
1096 1861 1133 1923 ab

175 1953 315 2025 quattuor
329 1944 521 2016 exercitibus,
537 1953 675 2025 quattuor
686 1944 809 2005 ducibus
821 1942 962 2005 Romanis
976 1946 1056 2005 caesi
1068 1946 1133 2006 fue·

174 2038 255 2098 rant;
283 2030 494 2107 imperatorem
516 2027 711 2089 clarissimum
738 2029 835 2106 gentis
860 2046 931 2088 suae
957 2030 1132 2098 amiserant:

133 2115 270 2174 lusorias
291 2110 376 2181 belli,
401 2112 541 2174 Etruscos
562 2111 689 2177 Umbros
703 2111 816 2184 Gallos,
835 2113 867 2173 in
889 2111 992 2172 eadem
1013 2112 1133 2175 fortuna

174 2195 326 2266 ridebant,
352 2214 410 2275 qua
429 2197 486 2275 ipsi
507 2203 607 2266 erant;
634 2215 690 2257 nec
706 2197 767 2257 suis
792 2213 849 2256 nee
870 2197 1000 2257 externis
1022 2195 1133 2259 viribus

132 2287 166 2340 14
174 2282 232 2341 iam
246 2288 325 2342 stare
334 2286 489 2360 poterant;
504 2286 603 2342 tamen
616 2279 695 2341 bello
710 2297 770 2340 non
786 2277 989 2341 abstinebant:
1004 2279 1078 2341 adeo
1094 2297 1132 2341 ne

173 2363 333 2428 infeliciter
352 2363 472 2443 quidem
493 2362 633 2424 defensae
659 2363 804 2424 libertatis
829 2362 981 2434 taedebat,
1005 2370 1036 2423 et
1055 2365 1133 2424 vinci

133 2454 263 2528 tbquam
277 2465 338 2508 non
361 2454 507 2526 temptare
526 2448 676 2508 victoriam
698 2444 854 2508 muctam
885 2447 1004 2523 qrrinam
1018 2446 1058 2508 sft
1071 2445 1130 2519 ille,

174 2550 262 2611 quem
273 2533 372 2610 pigeat
384 2530 605 2610 longinquitatis
616 2529 761 2592 bellorum
772 2529 929 2592 scribendo
938 2528 1131 2610 legendoque,
1185 2528 1187 2534 ’

174 2634 249 2696 quae
264 2623 401 2692 gerentes
415 2632 476 2676 non
490 2615 702 2692 fatigaverunt

146 2708 161 2759 1
234 2697 350 2760 llllllll.
384 2698 419 2769 Q.
433 2696 557 2760 Fabium
573 2697 606 2760 P.
618 2698 739 2759 Decium
753 2698 786 2760 L.
808 2698 975 2761 Postumius
990 2695 1132 2776 llegellus

146 2789 205 2842 tet
218 2781 258 2841 bl.
272 2780 376 2840 tritius
389 2780 520 2859 Regulus
537 2780 673 2842 consules
683 2783 777 2843 secuti
796 2791 873 2843 sunt.
904 2782 1056 2843 Samnium
1070 2799 1132 2843 am·

174 2863 271 2925 bobus
292 2860 411 2924 decreta
430 2864 581 2942 provincia
605 2873 662 2935 est,
688 2867 756 2944 quia
775 2873 836 2926 tres
855 2865 982 2943 scriptos
1002 2865 1132 2926 bostium

175 2947 338 3016 exereitus,
355 2963 414 3006 uuo
430 2946 593 3018 Etruriam,
617 2947 710 3008 altero
731 2948 935 3028 populationes
956 2949 1132 3028 Campaniae

147 3031 285 3113 trepetf,
308 3031 427 3092 tertium
452 3030 571 3092 tuendis
586 3032 684 3110 parari
702 3031 809 3093 finibus
823 3034 901 3094 fama
922 3039 995 3093 erat
1024 3033 1132 3093 Postu·

174 3119 267 3178 mium
290 3114 426 3176 valetudo
449 3113 571 3177 adversa
591 3116 702 3178 Romae
726 3117 833 3188 tenuit;
856 3117 960 3178 Atilius
985 3114 1133 3195 extemplo

175 3201 338 3282 profectus,
350 3207 384 3260 ut
396 3200 427 3260 in
441 3199 562 3261 Samnio
582 3199 682 3262 hostes
697 3202 794 3264 ——lta
814 3203 893 3263 enim
915 3200 1067 3281 placuerat
1080 3217 1132 3278 pa·

145 3285 269 3347 utribus
289 3317 331 3330 -
352 3282 482 3344 nondum
506 3301 658 3362 regressos
678 3286 868 3365 opprimeret.
909 3283 986 3345 velut
1011 3302 1047 3343 ex
1062 3300 1133 3344 con·

78 3391 83 3400 ’
174 3370 272 3446 posito
283 3366 324 3427 ibi
336 3367 455 3428 obnum
469 3366 600 3428 habuere
612 3368 742 3438 hostem,
758 3368 809 3429 ubi
822 3378 852 3430 et
862 3370 973 3430 intrare
986 3363 1132 3448 [vastare]

175 3451 232 3531 ipsi
250 3452 424 3512 Samrdtfum
442 3469 546 3529 agrum
566 3451 797 3532 prohiberentur
822 3460 852 3514 et
873 3451 992 3532 regredi
1012 3449 1082 3511 inde
1101 3451 1133 3512 in
