2546 3936
186 205 247 272 158
317 221 412 264 oman
424 222 454 263 x.
468 217 538 264 cao.
555 206 596 261 to.
612 205 656 261 11.
672 191 713 280 [a.
728 218 761 260 u.
775 217 802 260 s
815 201 877 258 coo.
891 191 955 277 aso]

146 379 178 430 10
188 372 303 449 misque
315 367 494 430 lacesserent
508 367 643 432 cultores
672 363 848 428 militaturos
861 370 961 424 tamen
975 381 1023 434 se,
1043 363 1069 424 si
1085 364 1147 424 uti·

187 472 244 534 que
260 452 375 514 Etrusci
399 450 502 522 velint,
529 451 579 513 sed
603 449 683 515 nulla
698 449 754 510 alia
769 446 922 517 mercede,
945 464 1034 526 quam
1055 454 1090 508 ut
1111 449 1147 509 in

185 544 300 617 partem
311 537 376 616 agri
390 537 571 614 accipiantur
587 534 765 613 tandemque
780 530 876 612 aliqua
890 530 961 592 sede
972 538 1053 592 certa
1071 549 1145 592 con·

150 627 177 680 tl
188 623 299 682 sistant.
333 618 424 681 multa
437 619 475 679 de
492 637 527 680 eo
543 619 666 681 concilia
682 616 859 697 populorum
874 615 1010 676 Etruriae
1032 613 1145 686 habita,

186 723 242 766 nec
257 703 360 785 perfici
369 704 525 782 quicquam
536 705 644 783 potuit,
664 719 724 761 non
735 708 795 760 tarn
808 701 876 779 quia
890 700 1016 760 inminui
1027 717 1144 776 agrum,
1264 707 1265 718 ¹

186 805 274 868 quam
295 789 364 868 quia
385 785 499 847 accolas
525 785 582 846 sibi
601 787 724 864 quisque
746 783 904 860 adiungere
924 789 984 844 tarn
1004 781 1146 843 elicratae

145 879 177 932 12
188 874 283 952 gentis
298 871 433 932 homines
450 869 600 930 horrebat.
630 871 670 929 ita
693 867 804 928 dimissi
824 865 899 928 Galli
920 868 1075 943 pecuniam
1096 868 1146 926 in·

187 964 305 1036 gentem
320 957 385 1016 sine
399 952 501 1014 labore
513 971 547 1014 ao
562 951 694 1032 periculo
713 958 846 1031 paratam
866 949 1054 1012 rettulerunt.
1084 951 1145 1010 lio·

186 1057 251 1100 mae
267 1047 414 1098 terrorem
434 1036 572 1114 praebuit
592 1035 669 1098 fama
690 1034 793 1097 Gallici
814 1032 956 1095 tumultus
980 1034 1017 1096 ad
1032 1032 1145 1094 bellum

187 1123 343 1184 Etruscum
360 1119 479 1182 adiecti:
496 1137 531 1182 eo
546 1121 643 1181 minus
657 1126 830 1181 cunctanter
846 1117 950 1178 ioedus
969 1120 1060 1179 ictum
1076 1135 1145 1178 cum

188 1206 297 1267 Picenti
314 1203 422 1284 populo
437 1212 490 1266 est

158 1296 169 1346 1
244 1288 294 1350 lll.
325 1289 358 1348 Τ.
376 1287 484 1350 Manlio
501 1287 615 1350 consuli
635 1288 786 1366 provincia
802 1286 919 1347 Etrmia
935 1292 1015 1347 sorte
1031 1285 1143 1355 evenit;

187 1375 237 1453 qui
251 1371 369 1434 vixdum
383 1375 533 1451 ingressus
548 1373 676 1435 bostium
694 1372 760 1431 linis
775 1389 842 1431 oum
860 1376 1049 1431 exerceretur
1065 1369 1145 1429 iuter

188 1459 313 1536 equites,
335 1455 371 1516 ab
394 1455 498 1536 rapido
521 1474 609 1541 cursu
625 1453 851 1532 circumagendo
877 1471 953 1533 equo
968 1453 1076 1513 effusus
1094 1471 1144 1514 ex·

187 1539 297 1620 templo
312 1557 405 1620 prope
420 1542 570 1619 expiravit.
597 1540 701 1600 tertius
715 1537 752 1598 ab
768 1556 803 1598 eo
818 1555 891 1613 casu,
902 1536 964 1598 dies
986 1537 1054 1598 linis
1068 1537 1146 1597 vitae

160 1622 301 1685 ecousuli
319 1623 383 1684 iuit.
421 1642 479 1702 quo
498 1623 577 1684 velut
592 1623 690 1683 omine
706 1619 777 1682 belli
801 1628 922 1701 accepto
944 1620 1014 1681 deos
1033 1638 1090 1698 pro
1111 1637 1145 1680 se

189 1707 368 1766 commisisse
382 1705 493 1766 bellum
514 1712 712 1766 memorantes
726 1705 842 1766 Etrusci
856 1704 1000 1767 sustulere
1020 1705 1143 1764 animos.

162 1791 298 1851 tliomaa
315 1805 382 1848 cum
404 1788 549 1849 desiderio
578 1789 633 1848 viri
651 1797 715 1850 tum
741 1783 982 1850 incommoditate
1002 1788 1145 1866 temporis

188 1873 280 1934 tristis
296 1873 415 1932 nuntius
430 1872 497 1944 fuit,
521 1880 554 1933 ut
568 1879 668 1951 patres
683 1871 719 1933 ab
733 1871 863 1933 iubendo
879 1872 1021 1933 dictatore
1038 1888 1144 1932 consu·

188 1956 224 2018 lis
240 1954 419 2034 subrogandi
434 1957 551 2018 comitia
567 1973 603 2016 ex
627 1957 771 2018 sententia
793 1958 962 2035 principum
979 1955 1079 2016 habita
1093 1955 1145 2015 de·

160 2041 357 2102 aterruerint.
389 2039 428 2100 bl.
445 2039 593 2100 Valerium
611 2039 762 2101 consulem
777 2057 880 2100 omnes
895 2041 1058 2100 sententiae
1075 2055 1145 2098 cen·

189 2124 341 2203 turiaeque
355 2123 469 2195 dixere,
493 2141 581 2203 quem
602 2131 720 2185 senatus
741 2123 914 2184 dictatorem
940 2123 996 2183 dici
1012 2124 1145 2184 iussurus

189 2207 297 2269 iuerat:
320 2212 379 2266 tum
402 2207 548 2287 extemplo
568 2208 598 2268 in
619 2208 768 2270 Etrmiam
789 2207 826 2268 ad
846 2205 977 2285 legiones
997 2207 1145 2286 proficisci

161 2291 280 2352 cinssit.
321 2290 462 2353 adventus
483 2292 546 2352 eius
567 2293 732 2371 conpressit
745 2291 886 2352 Etruscos
900 2290 990 2368 adeo,
1007 2298 1040 2351 ut
1057 2307 1146 2352 nemo

188 2383 271 2436 extra
291 2377 473 2436 munimenta
488 2374 590 2454 egredi
612 2376 748 2446 auderet,
773 2376 920 2454 timorque
943 2375 1076 2453 ipsorum
1092 2373 1145 2435 ob·

161 2459 294 2520 bsidioni
315 2457 417 2520 similis
437 2466 523 2520 esset.
560 2477 657 2538 neque
675 2457 742 2519 ilios
762 2475 854 2519 novus
876 2457 979 2519 consul
998 2457 1147 2518 vastandis
1264 2467 1265 2504 1

188 2543 266 2622 agris
279 2541 457 2622 urendisque
470 2543 571 2626 tectis,
588 2559 654 2602 cum
668 2543 779 2622 passim
794 2537 854 2602 uon
865 2541 949 2602 villae
965 2541 1073 2612 solum,
1093 2541 1146 2602 sed

188 2626 357 2706 frequentes
372 2643 489 2724 puoque
501 2627 557 2686 vici
567 2626 711 2686 incendiis
725 2625 886 2698 fumarent,
904 2624 1011 2686 elicere
1028 2625 1065 2685 ad
1081 2643 1145 2686 cer·

159 2716 526 2871 'tamecplplopppsegnlus
536 2791 797 2869 bellumopinioue
816 2800 907 2865 esset,
926 2791 1047 2855 alterius
1064 2792 1146 2865 belli,

189 2874 268 2956 quod
283 2875 382 2935 multis
398 2877 523 2937 invicem
540 2875 672 2937 cladibus
687 2877 765 2938 baud
775 2879 914 2938 inmerito
927 2875 1059 2939 terribile
1072 2885 1144 2948 erat,
1224 2913 1229 2922 ·

188 2960 266 3021 lama
281 2959 460 3029 Picentium,
483 2977 625 3021 uovorum
647 2962 811 3031 sociorum,
834 2961 945 3023 indicio
967 2969 1069 3023 exorta
1085 2968 1143 3024 est:

189 3044 334 3106 Samnites
351 3059 433 3104 arma
448 3051 477 3104 et
493 3041 684 3104 rebellionem
702 3051 850 3125 spectare,
872 3063 962 3126 seque
979 3045 1015 3106 ab
1032 3046 1068 3106 iis
1086 3044 1145 3106 sol·
1264 3033 1265 3040 ἵ

161 3127 313 3189 elicitatos
333 3144 406 3188 esse.
444 3127 613 3189 Picentibus
638 3130 750 3207 gratiae
774 3135 869 3200 actae,
892 3136 921 3190 et
949 3146 1056 3209 magna
1075 3145 1146 3209 pars

162 3219 277 3273 scurae
297 3210 431 3291 patribus
455 3211 492 3273 ab
508 3211 626 3274 Etruria
641 3213 672 3273 in
690 3213 837 3274 Samnites
853 3232 936 3276 versa
958 3221 1011 3274 est.
1038 3213 1146 3273 caritas

188 3296 275 3356 etiam
291 3293 425 3356 annonae
447 3295 600 3357 sollicitam
616 3298 761 3358 ciuitatem
778 3296 893 3369 babuit,
916 3305 1093 3377 ventumque
1108 3295 1145 3356 ad

187 3379 304 3458 inopiae
315 3377 448 3440 ultimum
464 3379 555 3449 ioret,
572 3387 604 3441 ut
618 3381 779 3460 scripsere,
794 3381 900 3460 quibus
915 3379 1040 3443 aedilem
1055 3381 1146 3440 fulssc

189 3477 225 3522 co
241 3479 317 3523 anno
333 3462 455 3523 Fabium
469 3463 626 3524 Maximum
641 3463 753 3543 placet,
775 3465 807 3526 ni
820 3467 883 3528 eius
897 3467 951 3526 riri
966 3483 1052 3544 cura,
1074 3479 1144 3540 qua·
