2538 3946
433 195 527 236 amns
540 194 605 236 xxi.
624 193 693 238 oar.
709 181 736 235 1.

390 425 579 488 PHRIOGHA
597 415 698 486 LIBRI
711 423 787 486 XXI.

171 595 250 647 loititt
261 595 324 647 belli
335 595 425 646 Punici
437 594 551 644 secundi.
563 589 593 622 *i
605 601 691 642 actum
703 600 788 642 narrat
801 597 825 641 et
837 591 985 644 Hannibalis
997 594 1071 644 ‹lncIs

87 664 250 715 Poenorum
267 671 355 713 cenna
371 661 462 712 foedus
477 676 523 726 per
534 661 656 710 Hiberum
668 659 762 709 fiumen
779 660 910 710 transitus.
933 659 1010 724 aqno
1023 660 1072 711 Sa·

67 730 70 734 ’
83 738 214 797 gustum
226 731 355 781 sociorum
363 729 452 793 populi
463 729 570 778 llomani
583 727 672 776 civitas
682 727 787 777 obsessa
798 735 888 777 octavo
898 741 987 777 mense
998 736 1073 793 capta

91 805 150 848 est.
177 799 322 861 dequibus
339 796 444 846 iniuriis.
454 795 527 846 missi
538 794 615 859 legati
632 794 665 842 ad
683 792 904 858 Carthaginienses
922 795 965 857 qul
981 808 1073 857 quere·

90 874 201 916 rentur.
215 879 272 914 cum
286 862 432 915 satisfacere
444 862 554 920 nollent,
575 859 669 910 bellum
682 860 719 910 eis
737 861 861 911 indictam
874 866 921 911 est.
945 861 1074 911 Hannibal

83 940 227 997 ¹superato
239 933 370 996 Pyrenaeo
386 931 453 982 saltu
469 943 516 996 per
528 927 622 980 Gallias
640 927 706 977 fusis
715 927 819 988 Volcis,
833 927 877 988 qni
889 927 1014 978 obsIstere
1026 943 1073 979 oo-

84 999 156 1048 'nati
175 1007 248 1048 erant
265 999 301 1060 ei,
319 998 352 1046 ad
368 997 449 1062 Alpes
465 997 546 1058 venit,
566 1003 591 1045 et
606 995 732 1045 laborioso
749 1009 795 1058 per
812 1009 855 1044 eas
874 995 994 1058 transitu,
1012 1009 1072 1046 cnm

57 1108 70 1115 .,
93 1074 242 1116 montanos
255 1079 355 1128 quoque
368 1047 453 1114 Gallos
466 1063 556 1114 obvios
568 1063 666 1124 aliquot
677 1061 780 1126 proeliis
792 1060 942 1126 repulisset,
961 1063 1072 1113 (lescen-

95 1133 138 1182 dit
150 1133 180 1182 in
193 1132 292 1182 Italiam
305 1140 330 1181 st
341 1131 374 1180 ad
383 1132 500 1182 Ticinum
513 1131 608 1179 flumen
617 1130 746 1179 Romanos
756 1130 867 1191 equestri
884 1129 982 1194 proelio
995 1129 1070 1182 fudit.

96 1200 127 1248 iu
140 1213 194 1278 quc
203 1199 364 1248 vulneratum
376 1199 403 1248 P.
416 1198 560 1249 Cornelium
571 1195 718 1261 ScipIonem
728 1196 841 1261 protexit
851 1195 920 1246 iilius
926 1231 933 1258 ,
944 1198 991 1260 qui
999 1196 1071 1247 Afri·

92 1281 159 1315 eanr
172 1273 264 1332 postea
276 1281 369 1316 nomen
381 1266 488 1329 accepit.
513 1266 655 1325 iterumque
672 1264 786 1314 exercitu
798 1264 913 1314 Humano
930 1265 964 1314 ad
976 1265 1071 1316 flumen

97 1333 221 1382 Trebiam
238 1332 300 1382 fuso
318 1331 443 1382 Hannibal
460 1332 625 1397 Apenninum
642 1344 744 1394 quoque
769 1345 909 1396 permagna
935 1332 1071 1382 vexatione

98 1399 214 1450 militurn
231 1407 336 1464 propter
354 1400 405 1448 vim
427 1398 615 1464 tempestatium
633 1398 743 1448 transiit.
774 1397 821 1448 (ln.
839 1396 970 1448 Cornelius
984 1398 1070 1466 Scipio

99 1466 126 1515 in
141 1467 266 1582 Hispania
278 1474 366 1515 contre
377 1466 477 1516 Poenos
489 1480 613 1531 prospere
621 1465 748 1530 pugnavit
760 1465 826 1514 duce
836 1463 950 1515 hostium
962 1466 1072 1530 Magone

99 1547 152 1599 cap
166 1547 190 1584 o.

205 1766 283 1828 TI'I'I
303 1765 378 1828 LIVI
396 1766 444 1829 ΑΒ
465 1765 566 1828 URBE
587 1765 750 1830 CONDITA
772 1765 885 1828 LIBER
901 1765 977 1828 XIII.

171 1934 193 1996 1.
223 1934 258 1995 In
280 1941 366 2014 parte
386 1935 485 2014 operis
505 1934 565 1995 mei
586 1933 657 1996 licet
675 1935 750 1994 mihi
772 1933 913 2014 praefari,
937 1933 1016 2012 quod
1038 1935 1097 1997 ini

104 2019 250 2100 principio
267 2037 401 2080 summae
411 2019 501 2080 totins
512 2017 640 2099 professi
650 2016 786 2098 plerique
800 2025 869 2078 sunt
879 2035 980 2078 rerum
996 2019 1069 2079 scri·

45 2103 50 2108 ’
106 2111 221 2184 ptores,
253 2101 363 2164 beilum
383 2103 511 2164 maxime
533 2103 665 2162 omnium
680 2099 889 2171 memorabile,
911 2118 987 2180 quae
1003 2120 1068 2162 um·

108 2205 192 2266 quam
216 2193 297 2264 gesta
319 2188 392 2256 sint,
420 2203 469 2245 me
490 2186 686 2265 scripturum,
708 2183 787 2264 quod
809 2182 974 2246 Hannibale
994 2185 1069 2248 duce

110 2271 362 2346 Carthaginienses
378 2286 444 2328 cum
456 2266 566 2348 populo
583 2266 717 2330 Romano
729 2286 857 2347 gessere.
886 2286 955 2329 nam
972 2281 1096 2349 nequet

27 2419 40 2430 Ι,
109 2351 260 2414 validiores
275 2351 380 2432 opibus
394 2350 471 2413 ullae
495 2353 574 2414 inter
593 2370 626 2413 se
642 2353 772 2413 civitates
790 2359 951 2431 gentesque
965 2360 1068 2415 contu·

110 2437 205 2497 lerunt
220 2453 316 2507 arma,
339 2434 446 2516 neque*
459 2435 506 2497 his
521 2436 594 2516 ipsis
610 2442 723 2496 tantum
740 2454 882 2515 umquam
897 2436 1003 2497 virium
1020 2444 1070 2499 aut

113 2519 224 2580 roboris
238 2520 308 2590 fuit;
325 2526 355 2581 et
364 2519 444 2580 haud
459 2521 575 2600 Ignotas
587 2517 659 2582 belli
674 2527 753 2582 artes
764 2521 843 2581 inter
857 2538 938 2590 sese,
951 2519 1004 2581 sed
1019 2539 1069 2582 ex·

112 2611 205 2686 pertas
230 2605 328 2683 primo
353 2604 465 2666 PnnIco
492 2596 689 2666 conserebant
709 2603 802 2673 hello,
837 2612 867 2665 et
894 2602 967 2666 adeo
989 2607 1070 2666 varia

114 2689 225 2751 fortuna
245 2687 317 2749 belli
337 2705 504 2769 ancepsque
518 2689 597 2750 Mars
617 2688 689 2760 tuit,
709 2696 743 2750 ut
757 2689 882 2769 propius
902 2688 1069 2767 perieulum

115 2775 225 2845 fuerint,
244 2774 295 2852 qui
309 2774 452 2834 vicerunt.
489 2772 563 2833 odiis
579 2775 666 2834 etiam
681 2790 775 2852 prope
791 2771 952 2834 maloribus
972 2781 1096 2836 certa-3

116 2865 180 2918 runt
193 2876 279 2937 quam
295 2856 420 2928 viribus,
436 2857 577 2918 Romanis
591 2855 830 2936 indignantibus,
856 2856 936 2937 quod
950 2859 1068 2920 victori-

117 2941 167 3000 bus
188 2944 256 3002 ricti
284 2940 362 3002 ultro
385 2941 534 3003 inferrent
554 2959 652 3012 arma,
680 2942 815 3020 Poenis,
836 2941 915 3022 quod
941 2943 1069 3022 superbe

118 3039 252 3102 avareque
259 3025 416 3086 crederent
431 3027 630 3106 Imperitatum
642 3027 726 3088 vietis
741 3044 815 3088 esse.
838 3026 916 3088 fama
925 3034 970 3087 est
981 3029 1098 3087 etiamn

119 3104 303 3167 Hannibalern
314 3125 459 3170 annorum
470 3110 565 3170 ferme
577 3129 690 3180 novem,
704 3110 857 3189 pueriliter
868 3108 1069 3172 blandientem

121 3191 188 3270 patri
201 3188 375 3262 Hamilcari,
392 3198 426 3251 ut
439 3191 597 3252 luceretur
608 3195 640 3252 in
654 3193 840 3271 Hispaniam,
857 3193 1069 3273 comperiente

123 3273 207 3334 Africo
223 3271 301 3334 bello
324 3276 486 3335 exercitum
505 3293 540 3335 eo
562 3277 739 3337 traiecturus
755 3275 948 3348 sacrificaret,
970 3276 1068 3338 altari-

123 3359 170 3420 bus
183 3357 329 3418 admotum
344 3360 429 3419 tactis
445 3359 536 3419 saeris
556 3360 621 3419 iure
641 3359 764 3420 iurando
780 3359 915 3421 adactum
939 3379 984 3433 se,
1001 3380 1068 3423 cum

125 3443 239 3522 prinum
257 3449 371 3524 posset,
398 3443 514 3504 hostem
535 3443 600 3506 fore
621 3441 731 3524 populo
750 3443 893 3506 Romano.
923 3445 1099 3527 angebantt
