2538 3946
173 211 238 276 190
370 223 466 265 crena
477 224 509 265 x.
527 221 596 265 oar.
613 206 658 264 38.
674 207 717 262 39.
735 197 775 283 [e.
790 223 822 264 1.
837 199 941 284 etot]

173 373 280 438 mediis
295 371 358 434 lere
372 372 477 434 castris
490 369 573 433 locus
584 377 629 432 est
640 377 816 450 consaeptus
828 369 956 432 cratibus
971 368 1140 454 pluteisque

175 465 205 520 et
223 458 323 519 linteis
348 465 514 526 contectus,
543 463 648 534 patens
668 453 811 516 ducentos
835 455 962 516 maximo
988 456 1080 535 pedes
1107 459 1140 520 in

145 545 271 617 domnis
286 543 397 623 pariter
411 542 513 621 partis.
549 536 1139 602 111111111111111111111111111111111·
1249 549 1250 552 ’
1265 535 1266 540 ’

171 628 290 688 deatum
317 625 471 687 sacerdote
494 623 565 684 Ovio
585 623 692 684 Paccio
714 623 857 702 quodam,
882 624 1003 684 homine
1029 643 1140 704 magno

173 720 259 780 natu,
275 712 326 790 qui
337 727 369 770 se
379 709 409 769 id
424 726 541 770 sacrum
552 714 656 788 petere
667 706 840 769 adfirmabat
851 715 1011 769 1111111111
1023 709 1139 772 Samni-

172 798 247 857 ilum
262 795 421 873 religione,
443 811 501 873 qua
512 790 662 872 quondam
677 792 724 852 usi
744 792 872 853 maiores
886 810 991 854 eorum
1005 793 1139 864 luissent,

173 897 241 941 cum
269 877 442 941 adimendae
461 877 593 937 Etruscis
614 876 729 956 Capuae
754 874 971 938 clandestinum
993 878 1142 957 cepissent

144 963 340 1026 tconsillum.
366 961 511 1022 sacrificio
522 960 655 1039 perlecto
665 960 867 1039 perrlatorem
878 961 1043 1040 imperator
1051 962 1142 1024 acciri

144 1048 295 1109 8111111111
316 1045 534 1106 nobilissimum
548 1062 697 1124 quemque
716 1061 827 1123 genere
842 1043 996 1126 lactisque.
1032 1044 1143 1124 singull

171 1128 446 1192 introducebantur.
476 1136 540 1190 erat
555 1147 622 1189 oum
637 1127 711 1189 allus
726 1135 883 1209 apparatus
898 1130 990 1199 sacri,
1007 1132 1056 1209 qui
1072 1148 1141 1208 per·

173 1215 299 1277 1111111
317 1213 461 1293 religione
476 1215 608 1274 animum
622 1218 737 1294 posset,
752 1220 816 1274 tum
831 1214 863 1273 11
880 1214 946 1274 loco
963 1214 1043 1275 circa
1058 1215 1141 1274 omni

174 1307 311 1362 contecto
333 1317 403 1360 arae
422 1299 454 1359 in
474 1297 574 1359 medio
597 1298 791 1377 victimaeque
812 1299 893 1358 circa
914 1315 1018 1359 caesae
1030 1306 1061 1358 et
1081 1300 1140 1358 cir·

145 1390 355 1447 ocumstames
375 1384 565 1444 centuriones
584 1382 695 1442 strictis
715 1379 828 1460 gladiis.
868 1381 1079 1443 admovebatur
1099 1379 1141 1442 al·

173 1468 287 1531 taribus
301 1469 395 1546 magis
409 1475 443 1528 ut
464 1467 582 1528 victima
598 1483 686 1546 quam
700 1471 734 1526 ut
754 1466 830 1527 sacri
853 1467 1017 1546 particeps,
1042 1465 1141 1544 adige·
1226 1491 1230 1506 ·

174 1551 321 1632 baturque
346 1554 411 1612 lure
435 1550 560 1611 iurando
583 1567 659 1629 quae
684 1549 745 1610 visa
771 1548 928 1630 auditaque
953 1552 985 1610 11
1012 1567 1048 1611 11
1076 1551 1142 1610 loco

130 1645 275 1704 ldessent
297 1653 358 1696 non
378 1636 607 1696 enuntiatorum.
641 1635 741 1694 iurare
761 1633 908 1712 cogebant
927 1633 993 1694 diro
1013 1635 1141 1714 quodam

176 1721 309 1784 carmine
323 1721 356 1779 ln
368 1720 586 1780 execrationem
601 1717 703 1797 capitis
718 1715 904 1797 familiaeque
914 1725 944 1779 et
958 1719 1058 1797 stirpis
1070 1735 1141 1778 oon·

175 1805 290 1886 posito,
306 1803 364 1862 nlsl
378 1803 450 1863 isset
464 1803 496 1862 11
510 1800 672 1881 proelium,
695 1819 753 1881 quo
770 1803 965 1882 imperatores
979 1801 1141 1872 duxissent,

176 1895 207 1951 et
228 1889 253 1948 sl
270 1895 321 1949 aut
335 1889 399 1966 lpse
415 1905 451 1948 ex
466 1887 530 1946 acio
546 1885 674 1964 fugisset
687 1892 751 1957 aut,
774 1887 800 1947 si
816 1903 904 1964 quem
920 1886 1082 1964 fugientem
1098 1886 1138 1946 vl·

133 1978 165 2030 tl
177 1972 283 2042 disset,
296 1989 356 2032 non
368 1969 515 2050 extemplo
527 1970 693 2031 occidisset.
718 1968 751 2029 id
765 1970 862 2049 primo
873 1970 992 2049 quidam
1008 1969 1139 2030 abnuen·

175 2063 222 2118 tes
234 2057 383 2117 iuraturos
396 2073 429 2115 se
443 2054 611 2116 obtruncati
626 2055 706 2114 circa
725 2051 827 2115 altaria
839 2061 922 2124 sunt;
939 2055 1069 2115 iacentes
1089 2053 1140 2113 de-

175 2139 246 2200 inde
266 2141 344 2200 inter
363 2147 491 2218 stragem
511 2139 696 2199 victimarum
718 2136 896 2198 documento
917 2140 1026 2199 ceteris
1045 2138 1140 2208 luere,

135 2230 216 2285 1111
233 2223 407 2285 abnuerent.
437 2221 619 2303 primoribus
635 2221 811 2283 Samnitium
826 2240 860 2284 ca
873 2220 1068 2283 detestatione
1088 2220 1142 2283 ob·

177 2309 288 2370 strictis
312 2306 416 2368 decem
443 2307 586 2367 nominati
605 2305 643 2367 ab
667 2307 864 2385 imperatore:
892 2307 935 2367 eis
957 2305 1083 2380 dictum,
1108 2312 1143 2370 ui

176 2394 331 2454 11111111]
346 2391 494 2470 legerent,
517 2390 613 2452 donec
630 2388 761 2456 sedecim
774 2388 889 2451 milium
902 2407 1058 2452 numerum
1072 2407 1142 2451 cou-

176 2476 327 2538 iecissent.
362 2494 397 2536 ea
421 2475 497 2553 legio
513 2473 633 2536 linteata
647 2473 684 2536 ab
705 2475 907 2553 integumento
923 2477 1089 2555 consaepti,
1111 2476 1143 2534 111

177 2580 236 2642 quo
252 2566 367 2621 sacrata
379 2558 516 2619 nobilitas
528 2566 605 2629 erat,
621 2557 766 2638 appellata
778 2567 831 2619 est.
859 2557 907 2619 his
922 2576 1004 2619 arma
1015 2559 1142 2637 insignia

136 2652 169 2704 13
179 2646 247 2706 data
259 2653 289 2705 et
304 2646 440 2705 cristatae
456 2641 571 2722 galeae,
583 2650 618 2704 11
632 2643 710 2703 11111
722 2652 838 2704 1111111
849 2643 1024 2705 eminerent.
1055 2641 1143 2722 paulo

176 2729 245 2808 plus
256 2729 359 2806 viginti
370 2726 484 2788 milium
495 2726 570 2788 alius
581 2728 729 2787 exercitus
740 2726 795 2787 luit
805 2744 861 2787 nec
873 2744 1032 2806 corporum
1044 2727 1143 2806 specio

178 2829 235 2872 nec
250 2811 343 2887 gloria
358 2811 428 2870 belli
443 2829 498 2871 nec
514 2817 657 2889 apparatu
672 2809 808 2873 linteatae
824 2810 934 2890 legioni
949 2810 1058 2888 dispar.
1093 2808 1144 2869 hic

178 2895 334 2956 hominum
345 2910 487 2954 11111111
502 2889 592 2974 [quod
606 2893 723 2955 roboris
734 2893 812 2976 crat]
826 2895 863 2955 ad
872 2893 1058 2975 Aquiloniam
1072 2910 1143 2954 con-

179 2979 265 3041 sedit.

152 3071 166 3123 1
241 3060 369 3124 xxxix.
406 3059 547 3124 Consules
576 3060 702 3142 proiecti
724 3061 761 3122 ab
782 3060 871 3134 urbe,
895 3064 979 3142 prior
999 3062 1050 3142 Sp
1073 3061 1143 3124 Car·

179 3148 279 3218 vilius,
306 3148 354 3207 eui
381 3153 497 3208 veteres
521 3145 668 3226 legiones,
694 3163 767 3224 quas
787 3147 826 3208 11.
852 3146 957 3208 Atilius
982 3146 1145 3225 superioris

181 3235 251 3294 anni
262 3230 364 3292 consul
378 3231 409 3291 11
421 3249 492 3310 agro
502 3230 694 3292 interamnati
708 3230 882 3310 reliquerat,
900 3230 1036 3291 decretae
1049 3235 1142 3289 erant

150 3326 245 3378 acum
262 3319 304 3377 eis
318 3318 350 3376 in
364 3317 515 3376 Samnium
529 3317 694 3395 proiectus,
711 3315 781 3376 dum
796 3315 896 3375 hostes
911 3315 1024 3394 operati
1038 3329 1143 3389 super·

182 3400 350 3460 stitionibus
366 3401 490 3460 concilia
506 3408 620 3461 secreta
635 3406 739 3478 agunt,
756 3400 939 3461 Amiternum
951 3395 1091 3476 oppidum
1107 3393 1146 3454 de

155 3482 364 3543 asamnitibus
374 3485 403 3543 rl
417 3485 504 3563 cepit.
543 3501 628 3545 caesa
648 3484 691 3544 ibi
711 3481 791 3544 milia
808 3483 963 3545 hominum
976 3481 1034 3542 duo
1050 3479 1147 3540 lerme
