2532 3938
182 209 224 268 46
331 221 495 265 11111111.
511 187 580 265 oar.
594 210 638 260 41.
653 211 697 260 42.
714 199 754 282 [a.
768 225 800 264 u.
816 225 842 265 c.
856 204 991 286 111113]

149 368 292 429 thraret.
330 367 378 428 lex
404 387 520 448 quoque
543 377 656 430 sacrata
676 367 810 429 militaris
832 367 889 430 lata
910 380 968 440 est,
994 390 1032 431 11
1057 375 1158 434 cuius:

181 451 282 513 militis
295 452 397 532 scripti
407 471 516 513 nomen
532 454 588 512 nisi
602 454 665 530 ipso
681 451 797 512 volente
814 453 976 520 deleretur:
994 453 1146 516 additum·

182 553 240 615 que
263 534 336 613 legi,
358 554 396 595 ne
420 538 499 616 quis,
521 535 572 596 ubi
593 535 729 596 tribunus
750 536 875 596 militum
896 537 1014 615 luisset,
1038 534 1154 617 postea·

150 617 319 679 cordicum
334 619 438 681 ductor
456 628 541 679 esset.
569 619 599 678 id
614 621 737 697 propter
751 619 784 680 P.
801 618 950 682 Salonium
962 620 1153 700 postulatum.

182 711 226 763 est
238 702 274 762 ab
287 705 455 774 coniuratis,
472 704 522 782 qui
536 701 658 762 alternis
673 721 766 780 prope
778 704 862 762 annis
874 712 902 763 et
916 704 1051 764 tribunus
1063 705 1143 765 mili·

181 795 244 847 tum
259 796 289 848 ot
302 788 416 864 primus
431 787 564 846 centurio
581 795 658 854 erat,
674 804 762 865 quem
778 803 856 845 nunc
867 787 956 864 primi
972 787 1023 864 pili
1040 788 1143 866 appel-

59 924 61 929 .
148 871 250 932 alant.
284 871 354 930 huic
371 870 481 929 1111111
495 869 603 929 milites
621 877 722 940 erant,
742 869 820 948 quod
841 887 958 948 semper
972 870 1152 932 adversatus

181 955 264 1014 novis
279 951 409 1013 consiliis
426 952 543 1023 luisset,
561 961 605 1022 et,
621 970 658 1012 11
669 953 818 1030 particeps
835 971 937 1012 eorum
954 963 1042 1024 esset,
1060 953 1141 1036 [qui]

147 1045 163 1096 't
179 1037 215 1098 ab
231 1035 360 1097 Lautulis
375 1035 506 1114 fugisset.
528 1038 626 1115 itaque
642 1054 710 1096 curn
734 1035 791 1095 hoc
807 1054 896 1096 unum
913 1048 1035 1116 propter
1052 1037 1137 1098 Salo·

181 1122 262 1181 nium
275 1119 312 1179 ab
327 1127 429 1179 senatu
441 1138 501 1179 non
515 1122 739 1197 impetraretur,
754 1127 816 1179 tum
833 1119 968 1180 Salonius
980 1119 1152 1182 obtestatus·
1259 1113 1260 1192 l

180 1211 279 1284 patres
291 1205 490 1282 conscriptos,
506 1223 544 1263 ne
558 1223 642 1263 suum
655 1203 799 1263 honorem
810 1197 904 1281 pluris
915 1223 1002 1282 quam
1016 1223 1142 1265 concor·

181 1287 259 1348 diam
276 1288 398 1347 civitatis
412 1289 610 1356 aestimarent,
625 1287 763 1365 perpulit,
778 1298 812 1347 ut
824 1287 854 1346 id
868 1305 985 1366 quoque
995 1287 1141 1348 terretur.

149 1377 274 1451 8aeque
296 1372 432 1448 inpotens
451 1370 629 1450 postulatum
650 1371 719 1442 luit,
742 1378 774 1430 ut
796 1371 832 1430 de
846 1370 992 1449 stipendio
1010 1373 1141 1450 equitum

183 1489 218 1500 -
233 1454 388 1514 merebant
399 1464 495 1514 autem
509 1453 656 1532 triplexea
667 1462 840 1531 tempestate
853 1489 892 1499 —
905 1473 973 1514 aera
985 1455 1141 1515 demeren-

180 1546 243 1609 tur,
259 1538 337 1616 quod
352 1539 495 1598 adversati
512 1538 706 1596 coniurationi
719 1537 852 1597 luissent.

148 1627 164 1682 l
239 1621 326 1682 XLII.
356 1621 558 1681 Praeterhaec
571 1621 686 1680 invenio
696 1621 923 1699 apudquosdam
935 1621 1141 1682 L.Genucium

180 1704 331 1764 tribunum
349 1703 443 1782 plebis
457 1703 557 1763 tulisse
579 1704 615 1763 ad
636 1703 768 1782 plebem,
790 1722 828 1764 no
850 1705 1003 1765 faenerare
1022 1704 1140 1774 liceret;

147 1789 250 1848 artem
262 1786 325 1846 aliis
341 1786 419 1866 plebi
434 1789 515 1846 scitis
527 1796 657 1859 cautum,
671 1789 785 1868 nequis
797 1789 922 1848 eundem
937 1789 1141 1864 magistratum

179 1873 258 1932 iutra
282 1871 383 1930 decem
408 1889 501 1931 annos
522 1879 654 1950 caperet,
680 1890 738 1931 neu
769 1871 843 1934 duos
869 1873 1056 1948 magistratus
1080 1889 1142 1932 uno

180 1973 258 2016 anno
289 1964 422 2032 gereret,
451 1957 551 2034 utique
581 1953 684 2023 liceret
708 1954 844 2014 consules
878 1955 981 2015 ambos
1008 1953 1141 2033 plebeios

180 2039 286 2099 creari.
317 2040 431 2118 quaesi
449 2040 547 2098 omnia
566 2057 706 2099 concessa
722 2049 790 2099 sunt
810 2038 903 2118 plebi,
927 2046 1048 2116 apparet
1062 2038 1141 2098 haud

147 2126 284 2202 dparvas
300 2124 377 2182 vires
395 2123 589 2182 delectionem
612 2122 759 2183 habuisse.
791 2121 854 2183 aliis
872 2122 1026 2182 annalibus
1040 2121 1140 2199 prodi-

178 2213 242 2266 tum
262 2215 306 2266 est
322 2225 417 2285 neque
433 2206 606 2266 dictatorem
623 2205 771 2267 Valerium
787 2205 911 2274 dictum,
929 2205 980 2265 sed
995 2224 1048 2283 per
1068 2223 1139 2265 con·
1201 2251 1207 2255 .
1259 2233 1260 2258 ÷

179 2289 258 2352 sules
277 2308 396 2350 omnem
411 2308 476 2349 rem
500 2298 610 2361 actam,
635 2308 732 2368 neque
747 2298 903 2368 antequam
919 2290 1042 2350 liomam
1058 2290 1138 2348 veni·
1259 2289 1260 2326 ³

178 2383 275 2444 retur,
293 2374 344 2434 sed
360 2374 470 2434 Romae
483 2392 547 2434 carn
564 2373 757 2433 multudinem
774 2375 993 2434 coniuratorum
1006 2372 1043 2432 ad
1058 2390 1139 2433 arma

145 2464 164 2514 4
179 2464 399 2518 consternatam
415 2475 495 2526 esse,
513 2473 569 2516 nec
588 2457 618 2516 in
636 2457 670 2516 Τ.
690 2456 808 2526 Quincti
831 2456 928 2516 villam
944 2457 994 2516 sed
1012 2457 1042 2516 in
1058 2455 1141 2516 aedis

179 2541 210 2602 C.
224 2540 315 2601 Manli
331 2549 418 2601 nocto
432 2540 574 2617 impetum
587 2539 710 2609 lactum,
728 2558 854 2618 eumque
867 2559 883 2600 1
895 2542 1054 2600 coniuratis
1067 2557 1138 2599 con·

178 2623 373 2703 prehensum,
389 2632 422 2685 ut
442 2623 500 2683 dur
515 2623 613 2691 fleret,
637 2622 706 2681 inde
723 2622 759 2682 ad
775 2631 911 2700 quartum
928 2623 1053 2702 lapidem
1068 2642 1138 2701 pro-

146 2712 165 2765 a
180 2707 273 2767 lectos
287 2706 353 2767 loco
369 2707 483 2768 munito
496 2706 678 2773 consedisse;
697 2724 752 2766 nec
764 2705 801 2765 ab
819 2705 942 2767 ducibus
957 2708 1138 2766 mentionem

179 2789 357 2850 concordiae
383 2797 493 2859 ortam,
524 2789 576 2850 sed
598 2797 737 2867 repente,
761 2807 828 2849 cum
848 2791 879 2849 in
910 2792 1003 2850 aciem
1034 2793 1138 2850 armati

146 2879 165 2932 d
180 2873 327 2942 exercitus
339 2873 565 2951 processissent,
582 2871 785 2932 salutationem
800 2872 921 2944 iactam,
938 2882 967 2934 et
977 2877 1137 2953 permixtos

181 2955 300 3016 dextras
316 2957 440 3033 iungere
462 2974 496 3015 ac
516 2954 661 3034 conplecti
677 2957 754 3015 inter
775 2971 807 3015 11
822 2955 1009 3018 lacrimantes
1029 2955 1136 3017 milites

180 3040 330 3118 coepisse,
359 3047 535 3117 coactosque
560 3037 710 3108 consules,
739 3057 807 3098 cum
828 3039 962 3101 viderent
982 3058 1134 3100 aversosa

181 3122 368 3184 dimicatione
379 3122 504 3183 militum
516 3124 638 3192 animos,
650 3120 797 3182 rettulisse
809 3121 844 3182 ad
854 3133 951 3199 patres
965 3124 1001 3183 de
1014 3141 1135 3183 concor-

147 3206 228 3267 tdia
255 3205 483 3268 reconcilianda.
529 3207 602 3266 adeo
629 3205 702 3266 nihil
728 3215 934 3286 praeterquam
963 3207 1136 3268 seditionem

180 3291 272 3350 luisse
295 3309 418 3370 eantque
441 3292 622 3369 conpositam
643 3292 720 3350 inter
735 3291 870 3368 antiquos
887 3309 986 3350 rerum
1003 3300 1135 3350 auctores

146 3378 165 3430 8
180 3381 305 3434 constat.
317 3375 406 3434 -Et
419 3375 504 3434 liuius
517 3374 594 3434 lama
606 3372 757 3434 seditionis
764 3382 793 3432 et
800 3384 967 3452 susceptum
974 3392 1040 3434 cum
1053 3373 1134 3433 Sam-

181 3455 293 3516 nitibus
307 3475 394 3535 grave
411 3456 519 3517 bellurn
535 3456 646 3535 aliquot
659 3455 784 3536 populos
799 3455 836 3516 ab
851 3455 982 3516 Romana
997 3459 1136 3517 socictate
