2538 3946
344 201 438 248 33313
453 207 483 248 x.
499 205 570 248 333.
586 191 630 247 28.
646 191 690 246 ²9.
708 183 748 266 [3.
765 183 801 248 0.
817 181 881 266 2911]
1037 187 1099 252 179

133 355 315 437 pontificem,
331 374 419 436 quem
431 352 615 417 descendens
629 353 661 412 fn
676 350 771 412 aciem
786 349 902 430 digredi
915 357 1048 413 vetuerat
1062 351 1099 414 ab

135 458 183 512 sc,
201 441 320 520 praeire
335 441 420 500 iussit
442 438 548 508 verba,
572 435 679 516 quibus
709 453 741 496 sc
764 434 956 515 legionesque
970 435 1100 498 hostium

134 541 191 605 pro
208 525 341 584 exercitu
354 522 457 604 populi
471 522 597 584 11333331
611 520 769 594 Quiritium
783 518 950 586 devoveret.
978 520 1101 582 devotus
1110 525 1144 580 111

134 608 205 669 inde
228 606 331 668 cadem
352 609 525 687 precatione
554 606 718 686 eodemque
739 602 857 679 habitu,
881 621 940 684 quo
961 610 1047 681 33133
1066 605 1099 666 P.

12 692 16 698 ’
134 691 242 754 Decius
261 691 298 753 cd
309 692 440 754 Veserim
459 691 537 754 bello
552 691 656 752 Latino
672 707 704 751 33
720 689 847 750 13333331
863 687 1014 759 devoveri,
1031 706 1099 750 cum
1110 695 1145 748 to

135 775 300 850 secuudum
314 776 474 839 sollemnes
492 776 679 856 procationes
701 773 858 834 adiecisset
875 789 949 853 prae
964 789 997 834 se
1013 789 1103 851 agere

134 877 201 922 sese
214 861 403 923 formidinem
418 879 453 923 33
468 861 569 942 fugam
585 858 765 938 caedemque
782 875 817 918 ac
833 874 985 928 cruorem,
1007 856 1102 918 caele·

135 946 224 1006 stium
239 946 405 1008 inferorum
420 948 495 1018 1333,
513 951 718 1007 contacturum
737 940 912 1004 funebribus
929 940 1002 1002 diris
1015 942 1100 1020 signa
1113 947 1145 1000 17

136 1027 195 1088 1313
212 1047 293 1090 arms
307 1030 452 1102 bostium,
469 1029 628 1110 locumque
645 1027 773 1088 eundem
788 1043 859 1088 suae
875 1027 969 1107 pestis
986 1043 1021 1087 ac
1033 1023 1101 1086 Gal·

135 1111 234 1174 lorum
248 1130 282 1175 33
298 1114 474 1176 Samnitium
489 1115 562 1186 1333,
574 1147 618 1164 -
633 1111 708 1172 baec
723 1118 877 1174 execratus
892 1112 924 1172 in
937 1128 970 1172 33
987 1109 1146 1172 hostes-18

136 1215 211 1276 que,
227 1215 284 1278 qua
305 1199 552 1260 confertissimam
573 1195 715 1258 cernebat
729 1193 880 1258 Gallorum
906 1197 1014 1265 aciem,
1032 1212 1103 1256 con·

137 1283 209 1342 citat
229 1299 352 1360 equum,
374 1282 566 1361 inferensque
590 1299 622 1343 33
642 1281 707 1359 1333
726 1279 842 1341 13133113
862 1278 927 1340 telis
951 1287 996 1340 est
1011 1279 1103 1342 inter·

135 1363 241 1425 fectus.
285 1364 387 1426 XXIX.
418 1366 473 1427 Vix
486 1365 633 1426 humanae
653 1363 722 1424 inde
744 1364 809 1445 opis
830 1362 924 1425 videri
941 1379 1040 1444 pugna
1050 1369 1131 1444 pot

137 1448 203 1508 tuit.
239 1447 366 1509 Romani
392 1448 468 1511 duce
493 1449 616 1519 amisso,
645 1466 720 1530 quae
745 1465 796 1509 res
816 1449 926 1510 terrori
945 1446 1017 1509 31133
1038 1465 1103 1509 esse

138 1528 227 1602 solet,
243 1533 348 1594 sistere
367 1532 467 1614 fugam
485 1551 519 1595 ac
534 1550 639 1595 nomm
656 1532 694 1594 dc
713 1533 830 1613 integro
846 1531 921 1594 33113
936 1533 1103 1594 1331333333

137 1631 284 1696 pugnam
311 1616 401 1689 Galli,
430 1624 460 1680 31
478 1618 607 1680 maxims
626 1613 732 1696 globus
751 1618 946 1679 clrcumstans
974 1614 1132 1679 consulis2

138 1718 261 1782 corpus,
277 1698 497 1765 3313131133313
514 1710 615 1765 mento
637 1701 755 1764 333313
771 1719 887 1764 cassum
902 1701 1012 1765 iactare
1029 1699 1102 1772 1313;

138 1791 259 1866 torpere
274 1787 394 1866 quidam
411 1795 441 1849 31
464 1805 520 1849 333
545 1805 662 1867 pugnae
681 1786 852 1848 meminisse
868 1804 925 1848 nec
946 1787 1043 1866 fugae.
1075 1791 1133 1847 313

139 1888 176 1930 ex
191 1879 276 1950 33313
291 1869 384 1932 311333
402 1871 536 1952 pontifex
550 1873 662 1941 Livius,
684 1871 732 1931 cui
749 1868 870 1932 lictores
890 1870 997 1933 Decius
1011 1871 1103 1932 tradi·

139 1952 224 2014 derat
249 1954 432 2036 iusseratque
456 1974 512 2038 pro
536 1963 676 2036 praetore
703 1971 783 2024 esse,
816 1953 974 2014 vociferari
999 1955 1103 2015 3131333

139 2036 302 2110 Romanos,
330 2039 486 2102 defunctos
512 2039 642 2102 consulis
666 2038 742 2108 1313,
774 2036 873 2097 Gallos
899 2036 1134 2117 Samnitesquet

139 2121 268 2184 'l'clluris
282 2125 387 2185 matris
404 2125 578 2185 acdeorum
593 2124 725 2183 manium
741 2137 822 2189 esse;
842 2137 949 2200 rapere
968 2120 1004 2183 ad
1019 2140 1052 2184 33
1070 2139 1105 2183 33

139 2225 246 2267 333333
256 2208 379 2268 Decium
393 2207 528 2268 devotam
543 2223 644 2267 secum
655 2207 763 2277 aciem,
778 2203 982 2284 furiarumque
993 2223 1028 2267 33
1043 2206 1103 2267 133-

140 2288 259 2349 midinis
274 2289 361 2366 plena
377 2291 476 2354 omnia
493 2289 530 2351 ad
544 2291 644 2351 hostes
661 2307 734 2350 3333.
771 2290 983 2368 superveniunt
998 2288 1133 2350 deindeb

140 2372 187 2434 bis
202 2372 425 2434 restituentibus
445 2392 576 2454 pugnam
591 2375 624 2435 L.
643 2373 797 2436 Cornelius
820 2373 919 2452 Scipio
934 2379 963 2434 et
980 2373 1011 2436 C.
1026 2373 1104 2435 11133-

141 2457 204 2516 3133
218 2475 286 2517 cum
303 2456 441 2519 subsidiis
455 2477 492 2521 ex
513 2460 672 2520 novissima
692 2459 754 2518 acic
775 2459 857 2518 iussu
880 2456 914 2529 Q.
929 2456 1013 2518 Fabii
1034 2476 1105 2518 con-

141 2539 213 2600 sulis
228 2539 265 2600 ad
287 2540 468 2620 praesidium
489 2543 619 2622 collegae
642 2543 734 2604 missi.
771 2542 813 2602 ibi
834 2541 953 2602 auditur
972 2541 1005 2602 P.
1020 2542 1105 2603 Decii

142 2632 271 2698 3333133,
283 2628 390 2704 ingens
400 2625 557 2691 hortamen
570 2628 711 2689 adomnia
723 2645 778 2706 pro
788 2643 822 2686 33
833 2623 950 2705 33131133
958 2625 1102 2687 audenda.

141 2711 240 2790 itaque
264 2728 331 2791 cum
348 2709 424 2771 Galli
444 2714 564 2773 structis
584 2720 652 2773 ante
672 2730 705 2772 se
725 2712 816 2772 scutis
838 2709 965 2771 conferti
981 2717 1133 2782 31333316

141 2811 198 2855 333
215 2794 309 2855 1331113
327 2795 403 2875 pede
417 2794 534 2857 conlato
550 2795 699 2856 videretur
715 2813 828 2876 pugna,
843 2795 925 2855 iussu
939 2793 1105 2874 legatorum

143 2877 275 2940 conlecta
290 2881 373 2940 humi
389 2879 461 2960 pila,
478 2899 553 2962 quae
568 2887 659 2942 strata
673 2881 753 2942 inter
768 2879 840 2942 (1333
861 2880 940 2941 33133
958 2880 1104 2950 iacebant,

124 2967 229 3046 „atque
251 2966 283 3023 in
304 2964 483 3028 testudinem
503 2965 632 3026 hostium
656 2967 799 3026 conlecta.
834 2963 942 3044 quibus
955 2963 1134 3044 plerisque?

142 3047 173 3106 in
190 3054 272 3107 scuta
294 3049 369 3108 raris
389 3051 421 3110 in
442 3067 568 3128 corpora
586 3050 649 3129 ipsa
670 3049 735 3110 llxis
760 3050 903 3110 sternitur
917 3060 1041 3116 cuneus,
1064 3049 1106 3108 ita

142 3135 175 3190 ut
191 3149 298 3209 magna
323 3150 393 3211 3333
414 3135 539 3214 integris
560 3133 735 3213 corporibus
762 3132 879 3214 attoniti
903 3131 1105 3192 conciderent.

142 3215 216 3277 baec
238 3217 269 3276 in
289 3217 410 3278 sinistro
432 3237 526 3280 cornu
556 3218 757 3278 Romanorum
790 3215 908 3277 fortuna
933 3217 1104 3276 variaverat.

142 3299 249 3362 Fabius
269 3302 300 3362 in
322 3301 426 3364 dextro
446 3305 559 3383 primo,
581 3309 614 3363 ut
637 3299 836 3364 antedictum
859 3306 919 3372 est,
942 3298 1135 3360 cunctand08

117 3431 120 3438 .
144 3393 310 3448 extraxerat
325 3387 418 3458 diem;
435 3387 519 3459 dein,
535 3392 692 3468 postquam
707 3401 764 3445 nec
778 3383 891 3446 clamor
905 3383 1032 3444 hostium
1050 3401 1105 3444 nec

143 3471 268 3550 impetus
284 3490 340 3534 333
359 3471 418 3535 1313
432 3475 522 3535 missa
536 3471 660 3533 eandem
674 3472 734 3532 rim
746 3468 860 3532 babere
874 3470 949 3542 3133,
970 3468 1137 3550 praelecta

834 3557 901 3621 12*
