2538 3946
218 207 282 270 256
403 221 497 262 uruca
510 221 573 260 xxi.
590 220 658 262 our.
672 207 715 258 ot.
729 206 773 261 62.
789 197 828 281 [a.
844 223 875 261 u.
889 222 916 263 c.
931 197 994 283 536]

219 380 420 446 transgressus
440 367 582 428 Hiberum
600 366 764 428 Hasdrubal
779 385 845 428 curn
868 375 933 428 octo
956 366 1074 428 milibus
1094 369 1184 450 pedi·

222 462 297 521 tum,
315 450 395 511 mille
407 453 537 530 equitum
550 459 698 529 umquam
713 451 890 530 adprimum
902 450 1057 512 adventum
1069 451 1182 514 Roma-

222 553 327 597 norum
353 552 543 605 occursurus,
576 541 731 614 postquam
761 534 892 614 perditas
925 551 975 596 res
1008 534 1045 595 ad
1070 536 1182 598 Cissim

190 621 383 699 aamissaque
403 626 498 680 castra
519 619 646 697 accepit,
668 619 725 679 iter
747 618 784 678 ad
802 637 883 680 mare
905 620 1057 690 conuertit.
1098 619 1182 680 haud

221 702 325 783 procul
335 703 502 763 Tarracone
518 702 654 763 classicos
670 699 777 763 milites
792 701 965 780 navalesque
976 703 1073 764 socios
1088 721 1181 782 vagos

221 786 403 866 palantisque
423 804 479 866 per
497 803 599 866 agros,
623 786 701 866 quod
724 786 818 846 ferme
840 785 888 857 lit,
910 793 943 846 ut
965 786 1111 846 secundae
1129 805 1181 847 res

222 870 437 950 neglegentiam
456 879 572 942 creent,
596 871 693 950 equite
712 871 820 949 passim
843 869 961 930 dimisso
983 888 1052 930 cum
1069 887 1180 948 magna

191 955 326 1024 acaede,
342 957 454 1014 maiore
468 955 536 1032 luga
557 953 591 1014 ad
612 971 699 1015 naves
716 952 863 1032 conpellit.
893 969 949 1013 nec
974 953 1082 1015 diutius
1098 955 1179 1014 circa

222 1056 257 1099 ea
272 1037 336 1098 loca
351 1038 462 1097 morari
477 1055 579 1108 ausus,
596 1055 633 1098 ne
649 1037 685 1096 ab
697 1038 834 1116 Scipione
849 1038 1080 1116 opprimeretur,
1096 1045 1179 1098 trans

191 1121 363 1181 aHiberum
377 1137 442 1181 sese
463 1123 584 1200 recepit.
621 1130 650 1180 et
668 1121 766 1200 Scipio
786 1122 892 1200 raptim
909 1119 944 1180 ad
961 1120 1069 1181 samam
1085 1136 1177 1182 novo·

223 1223 288 1264 rum
306 1205 434 1266 hostium
454 1207 572 1284 agmine
591 1211 669 1274 acto,
692 1222 759 1265 cum
775 1204 806 1264 in
821 1221 930 1282 paucos
942 1203 1109 1283 praelectas
1125 1223 1178 1267 ua·

220 1289 299 1349 vium
314 1288 579 1358 animadvertisset,
595 1288 742 1367 praesidio
756 1289 923 1349 Tarracone
938 1288 1055 1348 modico
1071 1288 1178 1350 relicto

190 1372 374 1451 olimporias
395 1389 460 1433 cum
480 1372 570 1432 classe
586 1372 681 1432 rediit.
717 1371 833 1432 vixdum
849 1371 981 1448 digresso
995 1389 1030 1432 eo
1045 1372 1177 1434 llasdru·

221 1455 269 1516 bal
280 1456 395 1526 aderat,
409 1464 438 1517 et
447 1456 605 1536 llergetum
618 1453 742 1535 populo,
755 1457 806 1535 qui
816 1453 933 1516 obsides
944 1455 1075 1534 Scipioni
1086 1455 1177 1518 dede·

222 1547 276 1608 rat,
293 1540 329 1600 ad
341 1540 536 1602 deiectionem
547 1538 672 1620 inpulso,
686 1557 754 1601 cum
769 1556 872 1600 eorum
884 1539 1014 1618 ipsorum
1026 1541 1176 1600 iuventute

180 1629 307 1701 -oagros
327 1623 457 1684 fidelium
478 1624 617 1685 Romanis
637 1624 785 1684 sociorum
812 1630 913 1684 vastat.
955 1624 1050 1683 excito
1068 1622 1175 1684 deinde

222 1707 359 1783 Scipione
380 1705 512 1766 hibernis
537 1714 598 1767 toto
624 1707 666 1766 cis
687 1707 829 1768 Hiberum
867 1721 970 1767 rursus
997 1705 1074 1768 cedit
1092 1723 1173 1785 agro.

221 1790 318 1868 Scipio
334 1786 464 1849 relictam
487 1789 523 1850 ab
543 1797 663 1850 auctore
681 1789 853 1850 deiectionis
873 1789 1031 1868 llergetuna
1056 1800 1174 1868 gentem

147 1911 150 1918 ·
220 1891 286 1932 oum
307 1872 415 1934 infesto
437 1874 567 1934 exercitu
590 1874 757 1944 invasisset,
782 1872 930 1952 conpulsis
951 1873 1086 1934 omnibus
1105 1875 1173 1934 Ata·
1249 1905 1250 1946 3

219 1971 342 2035 nagrum
359 1956 478 2026 urbem,
494 1973 569 2036 quae
585 1965 672 2035 caput
686 1958 748 2018 eius
766 1956 867 2036 populi
880 1965 958 2028 erat,
976 1958 1172 2038 circumsedit,

189 2046 206 2094 7
220 2041 353 2120 intraque
368 2041 430 2100 dies
444 2058 553 2121 paucos
570 2039 703 2119 pluribus
722 2057 810 2120 quam
831 2049 899 2101 ante
915 2040 1065 2102 obsidibus
1079 2042 1172 2120 inape·

220 2125 290 2184 ratis
297 2124 445 2201 l'Ilergetes
460 2125 583 2205 pecunia
602 2126 687 2185 etiam
704 2123 841 2186 multatos
861 2125 892 2184 in
903 2125 950 2186 ins
967 2124 1172 2204 dicionemque
1248 2139 1249 2142 ’

187 2209 206 2261 8
219 2209 339 2285 recepit.
365 2207 433 2266 inde
448 2209 479 2268 in
489 2208 651 2269 Ausetanos
663 2225 756 2286 prope
771 2205 930 2277 Hiberum,
946 2210 1042 2270 socios
1052 2215 1082 2269 et
1093 2209 1171 2287 ipsos

218 2290 400 2361 Poenorum,
415 2291 563 2371 procedit,
580 2298 666 2370 atque
677 2291 753 2353 urbe
764 2309 865 2352 eorum
880 2291 999 2353 obsessa
1011 2293 1171 2354 Lacetanos

219 2374 356 2435 auxilium
379 2375 509 2436 finitimis
529 2374 658 2437 ferentes
678 2381 763 2436 nocte
789 2375 867 2437 haud
887 2375 991 2454 procul
1013 2377 1069 2436 iam
1086 2375 1169 2444 urbe.

185 2462 283 2518 tcum
299 2459 410 2519 intrare
426 2458 547 2526 vellent,
569 2461 685 2539 excepit
696 2458 818 2519 insidiis.
853 2476 937 2520 caesa
957 2458 994 2520 ad
1016 2458 1168 2522 duodecim

217 2539 311 2611 milia;
330 2544 410 2603 exuti
417 2559 510 2623 prope
522 2560 625 2604 omues
639 2544 728 2603 armis
740 2542 842 2604 domos
853 2544 961 2622 passim
971 2541 1103 2623 palantes
1117 2561 1165 2622 per

217 2641 303 2701 agros
322 2625 474 2705 diffugere.
506 2644 562 2688 nec
588 2626 723 2688 obsessos
745 2625 802 2687 alia
820 2625 879 2687 ulla
899 2643 949 2687 res
969 2643 1056 2706 quam
1070 2627 1168 2707 iniqua

175 2711 208 2762 tc
217 2710 453 2786 oppugnantibus
466 2710 561 2770 hiems
576 2711 733 2772 tutabatur.
762 2711 880 2789 triginta
897 2707 959 2770 dies
976 2709 1089 2771 obsidio
1106 2711 1167 2780 fuit,

217 2807 270 2865 per
291 2809 365 2868 quos
385 2810 453 2852 raro
475 2811 612 2872 umquam
633 2796 684 2856 nix
708 2797 805 2856 minus
829 2801 967 2874 quattuor
998 2793 1091 2873 pedes
1112 2793 1167 2870 alta

216 2873 318 2941 iacuit:
335 2874 465 2952 adeoque
482 2875 596 2953 pluteos
613 2895 648 2936 ac
663 2880 762 2939 vineas
781 2879 980 2939 Romanorum
1002 2888 1166 2956 operuerat,

216 2962 249 3014 ut
275 2973 308 3016 ea
329 2956 391 3016 sola
414 2958 532 3036 ignibus
555 2959 728 3037 aliquotiens
752 2963 891 3022 coniectis
915 2960 951 3021 ab
973 2961 1058 3020 hoste
1081 2963 1165 3021 etiam

171 3046 202 3095 al
219 3046 411 3102 tutamentum
436 3042 532 3102 luerit.
568 3051 731 3122 postremo,
759 3063 826 3106 curn
852 3047 1005 3106 Amusicus
1030 3046 1166 3124 princeps

215 3142 316 3184 eorum
334 3125 370 3186 ad
382 3124 592 3187 Hasdrubalem
607 3127 798 3206 profugisset,
813 3129 913 3206 viginti
930 3131 1042 3210 argenti
1053 3127 1166 3190 talentis

213 3209 292 3284 pacti
306 3207 461 3272 deduntur.
496 3209 694 3272 Tarraconem
708 3213 740 3272 in
755 3211 878 3274 hiberna
897 3213 1024 3274 reditum
1040 3221 1093 3274 est.

275 3291 360 3352 Lllll.
392 3294 502 3354 Romae
523 3301 575 3356 aut
594 3295 672 3356 circa
693 3295 797 3356 urbem
818 3295 910 3357 multa
931 3313 965 3357 ea
986 3295 1083 3356 hicme
1098 3315 1164 3376 pro·

186 3377 198 3424 1
213 3370 290 3454 digia
305 3373 381 3434 iacta
395 3385 458 3446 aut,
477 3377 556 3455 quod
571 3377 689 3438 eienire
704 3377 778 3439 solet
794 3380 882 3439 motis
896 3379 989 3440 semel
1002 3381 1034 3440 in
1049 3381 1165 3460 religio-

184 3458 283 3512 2nom
295 3457 405 3524 animis,
422 3458 512 3517 multa
524 3461 653 3519 nuntiata
666 3469 695 3520 ct
709 3467 819 3522 temere
830 3461 941 3522 credita
956 3471 1032 3534 sunt,
1048 3463 1078 3524 in
1092 3465 1164 3544 quis,
