2538 3946
295 182 390 226 umen
403 183 434 225 x.
451 181 521 225 ose.
537 167 580 221 32.
596 167 641 223 33.
658 157 699 243 [e
716 161 751 224 0.
766 167 827 222 205.
846 161 909 245 294]
1025 165 1089 230 183

115 339 226 415 pacata
245 333 455 410 sociorumque
476 329 580 412 populi
596 329 723 392 Romani
744 329 819 391 fines
833 329 995 392 Samnitem
1018 347 1089 411 pro·

117 418 270 479 biberent.
315 433 382 476 cum
405 422 502 476 castra
529 417 634 476 castris
656 413 772 475 conlata
797 422 910 484 essent,
937 414 1017 495 quod
1042 415 1120 476 virt

118 501 273 563 Romanus
297 501 405 560 totiens
425 500 520 560 victor
541 498 679 570 auderet,
699 499 763 560 ausi
786 499 934 560 Samnites
955 506 1025 559 sunt
1049 531 1087 545 —

116 591 237 646 tantuma
260 584 427 663 desperatio
447 582 550 646 ultima
569 584 744 646 temeritatis
764 581 834 644 lacit
853 615 896 626 —
921 592 1016 644 castra
1029 580 1089 646 lio·

117 687 209 730 mana
225 684 413 748 oppugnare;
436 673 466 728 et
488 686 666 748 quamquam
689 685 749 728 non
770 667 851 727 venit
871 666 908 726 ad
923 667 1013 727 linem
1027 671 1088 727 tam

119 753 217 815 audax
234 754 399 831 inceptum,
416 757 515 814 tameo
526 752 605 814 haud
622 753 744 814 omuino
760 769 868 813 vanum
884 751 947 812 luit.
978 748 1117 811 nebulas

117 846 186 898 erat
200 836 238 898 ad
251 835 377 898 multum
398 835 457 898 diei
477 835 569 898 densa
592 836 680 908 adeo,
705 844 737 898 ut
751 835 826 896 lucis
840 853 925 896 usum
948 835 1088 913 eriperet,

118 938 182 982 uon
197 929 357 1000 prospectu
368 921 457 982 modo
469 929 552 982 extra
564 919 672 982 vallum
686 920 839 1000 adempto,
856 919 907 980 sed
919 921 1089 999 propinquo

118 1007 212 1066 etiam
231 1005 487 1084 congredientium
501 1007 580 1066 iuter
597 1023 629 1066 se
645 1013 817 1084 conspectu.
850 1005 906 1065 hac
922 1003 1001 1070 velut
1013 1001 1117 1064 late-⁷

117 1085 175 1149 bra
192 1089 365 1151 insidiarum
385 1089 455 1149 freti
470 1089 618 1150 Samnites
637 1089 757 1148 vixdum
779 1091 851 1149 satis
870 1097 951 1150 certa
971 1087 1039 1149 luce
1060 1094 1090 1150 et

117 1189 186 1234 eam
210 1174 303 1252 ipsam
324 1178 481 1251 premente
502 1171 628 1249 caligine
646 1171 683 1232 ad
703 1173 863 1234 stationem
878 1173 1041 1234 liomanam
1057 1173 1090 1233 iu
1109 1204 1130 1233 ι,

13 1304 19 1314 .
116 1265 206 1336 porta
220 1258 352 1334 segniter
366 1262 504 1332 agentem
521 1254 634 1332 vigilias
648 1255 833 1332 perveniunt.
866 1259 1018 1333 inproviso
1035 1257 1119 1335 op·8

116 1339 231 1421 pressis
251 1356 308 1398 nec
329 1338 421 1398 animi
441 1339 512 1399 satis
533 1337 571 1398 ad
593 1337 792 1399 resistendum
816 1357 872 1398 nec
896 1339 1003 1398 virium
1020 1339 1087 1400 tuit.

116 1423 156 1483 ab
174 1430 259 1497 tergo
272 1426 437 1482 castrorum
449 1419 711 1512 dechm
722 1423 851 1501 impetus
863 1422 972 1491 iactus3
989 1424 1118 1499 itaquel>

120 1512 239 1584 captum
259 1505 478 1584 quaestorium,
500 1513 698 1586 quaestorque
720 1504 762 1566 ibi
785 1507 818 1568 L.
838 1506 971 1584 Opimius
991 1505 1088 1566 Pausa

118 1590 243 1650 occisus.
281 1586 497 1650 conclamatum
516 1589 587 1652 inde
613 1589 650 1651 ad
671 1607 762 1652 arma.
811 1589 940 1652 lllllllll.
980 1587 1116 1652 Censuit

120 1671 247 1736 mmmm
260 1673 372 1734 excitus
393 1672 531 1735 cohortes
551 1674 624 1736 duas
640 1676 804 1747 sociorum,
824 1675 974 1736 Lucanam
998 1674 1088 1736 Sues-

118 1775 294 1838 sanamque,
315 1775 390 1836 quae
405 1759 560 1837 proximae
580 1755 658 1820 iorte
681 1767 780 1830 eraut,
803 1761 881 1821 tueri
903 1759 1087 1836 praetorium

119 1841 217 1910 mbet3
234 1840 402 1920 manipulos
417 1839 568 1920 legionum
582 1842 740 1923 principali
753 1845 799 1904 via
814 1843 936 1904 inducit.
966 1844 1116 1905 virduna

117 1926 187 1986 satis
202 1927 308 2006 aptatis
324 1926 414 1988 armis
427 1926 459 1987 iu
474 1925 595 1987 ordines
610 1933 682 1989 eunt
699 1933 730 1987 et
744 1925 874 1988 clamore
886 1928 981 2004 magis
997 1945 1087 2005 quam

117 2009 212 2072 oeulis
226 2011 342 2072 hostem
357 2016 497 2082 noscunt,
519 2028 590 2082 nec,
613 2018 742 2090 quantus
761 2029 904 2071 uumerus
918 2013 972 2079 sit,
998 2011 1087 2070 aesti-
1156 2065 1158 2073 s

119 2097 193 2158 mari
204 2102 312 2174 potest.
337 2095 447 2156 cedunt
461 2096 559 2174 primo
570 2095 679 2156 incerti
692 2095 829 2156 fortunae
845 2113 914 2155 suae
925 2103 955 2155 et
968 2094 1117 2156 hostemd

116 2187 280 2242 introrsum
300 2180 333 2240 iu
355 2177 452 2240 media
474 2185 571 2240 castra
597 2179 756 2259 accipiunt.
795 2177 864 2240 iude
889 2197 957 2239 cum
984 2177 1088 2240 consul

116 2263 345 2334 uociferaretur,
369 2261 522 2342 expulsine
543 2271 627 2326 extra
648 2261 756 2324 vallum
780 2270 877 2323 castra
902 2262 1010 2322 deinde
1033 2280 1087 2323 sua

1 2403 2 2420 ,
117 2347 318 2425 oppugnaturi
335 2355 449 2418 essent,
468 2349 619 2426 rogitans,
636 2345 765 2408 clamore
781 2345 896 2406 sublato
911 2347 1010 2406 conixi
1025 2347 1115 2424 pri-4

117 2449 166 2492 mo
180 2434 331 2500 resistunt,
350 2429 457 2492 deinde
468 2432 602 2494 inierunt
613 2431 723 2511 'pedem
734 2439 901 2509 urgentque
913 2438 943 2490 et
951 2430 1087 2507 inpulsos

118 2514 209 2576 semel
224 2523 341 2576 terrore
359 2513 464 2577 eodem
479 2523 583 2594 agunt,
606 2533 665 2597 quo
685 2522 863 2595 coeperunt,
884 2520 914 2574 et
935 2512 1088 2592 expellunt

2 2580 5 2625 '¹
119 2606 201 2661 extra
219 2606 336 2678 portam
350 2597 527 2679 vallumque.
559 2600 630 2661 inde
650 2617 778 2686 pergere
800 2617 834 2660 ac
848 2599 1001 2678 persequi,
1018 2599 1117 2678 quiet

5 2710 6 2721 ¹
118 2683 235 2744 turbida
257 2683 308 2743 lux
328 2689 440 2743 metum
464 2684 543 2744 circa
565 2685 739 2744 insidiarum
766 2682 907 2751 iaciebat,
932 2699 992 2742 non
1013 2683 1085 2754 ausi,

7 2775 8 2798 ³
118 2765 249 2828 liberatis
264 2768 369 2828 castris
381 2769 512 2829 contenti
525 2775 704 2847 receperunt
714 2784 747 2828 se
759 2769 837 2828 iutra
849 2765 956 2827 vallum
968 2773 1083 2828 trecen·

119 2853 156 2912 tis
174 2852 269 2912 terme
292 2851 422 2912 hostium
441 2853 558 2913 occisis.
595 2852 799 2913 Romanorum
821 2853 955 2912 stationis
970 2853 1115 2932 primaed

15 2941 25 3005 t
120 2935 308 3014 vigiliumque
321 2943 351 2995 et
362 2953 475 3006 eorum,
487 2937 538 3015 qui
549 2937 629 2998 eirca
640 2937 841 3017 quaestorium
854 2937 997 3016 oppressi,
1013 2954 1084 3016 per·

119 3017 181 3078 iere
195 3018 232 3078 ad
247 3020 451 3096 septingentos
466 3020 597 3098 triginta.

9 3118 11 3129 ¹
181 3102 304 3162 Animos
318 3102 388 3162 iude
402 3103 582 3165 Samnitibus
597 3121 657 3164 non
679 3100 782 3163 infelix
803 3101 925 3162 audacia
945 3107 1040 3172 aumt,
1056 3106 1115 3160 et't

121 3203 180 3246 oon
195 3184 283 3245 modo
301 3186 438 3265 prolerre
459 3185 529 3248 iude
550 3194 646 3249 castra
660 3171 843 3256 R'omanum,
866 3184 919 3244 sed
937 3203 975 3244 ne
991 3183 1085 3264 pabu-

121 3267 174 3330 lari
186 3268 372 3350 quidemper
382 3288 470 3349 agros
487 3289 558 3333 suos
572 3270 777 3351 patiebantur.
799 3275 881 3328 retro
898 3271 930 3328 in
947 3274 1085 3347 pacatum

8 3404 15 3418 ,,
55 3348 58 3352 ’
122 3353 266 3414 Soranum
285 3371 388 3430 agrum
404 3353 593 3434 pabulatores
608 3355 701 3416 ibant.
732 3371 857 3433 quarum
876 3370 978 3412 rerum
996 3351 1115 3422 lamas

122 3437 328 3500 tumultuosior
343 3440 446 3514 etiam,
462 3458 551 3522 quam
566 3457 615 3503 res
633 3451 731 3508 erant,
748 3435 862 3518 perlata
876 3436 1001 3499 Romam
1017 3454 1086 3498 coe·
