2546 3936
163 173 164 176 *
215 184 276 255 116
365 153 460 257 mnen
475 203 519 245 tx.
534 193 602 244 oar.
615 187 660 240 20.
676 185 719 239 21.
738 174 779 258 [a.
796 198 828 239 u.
844 197 870 237 c.
885 169 1023 253 ‹tab-439]
1104 156 1108 161 ’

186 363 202 414 ³
215 353 364 415 habebant
372 369 486 432 preces.
510 351 608 428 itaque
617 347 653 407 de
665 343 784 406 loedere
793 348 946 420 negatum;
957 339 1087 400 indutiae
1095 339 1185 400 bien·

215 439 270 508 nii,
286 456 352 498 cum
367 456 422 516 per
434 435 544 514 aliquot
555 433 617 492 dies
631 432 801 508 fatigassent
812 425 943 508 singulos
956 423 1109 504 precibus,
1125 425 1185 484 im·

188 531 205 580 4
215 529 356 602 petratae.
394 528 423 581 et
444 539 480 580 ex
494 518 597 596 Apulia
611 517 780 576 Teanenses
795 511 992 588 Canusinique
1015 507 1185 588 populatio·

215 604 303 666 nibus
323 605 394 666 lessi
415 601 620 676 obsidibusL.
634 599 754 676 Plautio-
771 595 885 662 consuli
907 594 981 654 datis
1002 594 1034 652 in
1055 592 1184 654 dedilio·
1257 659 1258 680 ἢ

215 709 284 750 nem
298 696 453 750 venerunt.
508 755 510 758 ¹
1108 726 1116 734 .,
1257 686 1258 716 ³

188 781 204 832 o
278 765 390 834 Eodem
413 789 490 834 anno
509 770 639 848 primurn
657 766 801 846 praelecti
817 765 946 842 Capuam
966 761 1062 822 creari
1084 763 1185 841 coepti

147 909 148 914 ,
188 850 197 919 ss
207 855 330 935 legibus
344 847 381 917 ab
393 856 426 916 L.
439 855 528 914 Furlo
543 860 680 928 praetore
692 849 766 908 datis
774 895 788 919 ,,
801 867 869 908 cum
883 855 1040 926 utrumque
1054 847 1113 926 ipsi
1127 864 1184 926 pro

174 971 176 976 ·
189 939 348 1000 oremedio
360 939 457 1012 aegris
467 933 557 994 rebus
570 933 716 994 discordia
730 934 868 993 intestina
882 933 1035 1010 petissent,
1064 938 1094 990 ct
1106 929 1184 1016 duae

64 1067 79 1095 ·.
129 1015 131 1018 ’
166 1061 175 1096 4
213 1025 326 1088 Romae
342 1019 456 1081 additae
471 1016 580 1088 tribus,
599 1018 740 1092 Ufentina·
754 1036 787 1078 ac
803 1015 939 1084 Falerna.
1025 1037 1036 1064 -·

188 1113 204 1162 't
279 1093 429 1164 Inclinatis
450 1099 542 1162 semel
564 1102 596 1160 in
611 1090 716 1180 Apulia
736 1100 825 1169 rebus
841 1099 947 1160 Teates
963 1117 1080 1179 quoque
1089 1097 1185 1178 Apuli

217 1187 253 1250 ad
268 1206 359 1248 novos
375 1183 527 1253 consules,
545 1185 576 1248 C.
588 1184 704 1245 lunium
716 1183 881 1244 Bubulcum
894 1184 929 1254 Q.
941 1184 1097 1245 Aemilium
1109 1183 1184 1246 Bar·

61 1293 63 1298 ·
104 1353 107 1361 ¹
157 1315 159 1320 -
216 1259 332 1342 hulam,
352 1270 457 1333 loedus
475 1270 600 1349 petitum
618 1275 777 1337 venerunt,
798 1268 879 1345 pacis
898 1286 1087 1344 peromnem
1103 1270 1184 1348 Apu·

188 1356 285 1431 eliam
305 1354 500 1436 praestandae
523 1353 633 1433 populo
653 1353 787 1414 Romano
808 1356 953 1411 auctores,
990 1348 1021 1408 id
1042 1350 1185 1432 audacter

148 1513 150 1518 ,
216 1440 389 1521 spondendo
401 1441 611 1519 impetravere,
624 1445 657 1498 ut
669 1437 772 1520 foedus
784 1435 920 1505 daretur,
936 1451 1033 1513 neque
1043 1443 1077 1494 ut
1087 1437 1187 1514 aequo

206 1529 322 1586 tamen.
337 1523 471 1599 loedere,
496 1521 597 1583 sedut
617 1523 658 1593 in
670 1521 786 1581 dicione
806 1517 915 1598 populi
925 1518 1051 1580 Romani
1073 1527 1183 1582 essent

187 1607 320 1687 9Apulia
335 1603 502 1686 perdomita
516 1637 559 1672 τ·
574 1623 643 1671 nam
658 1606 788 1666 Forento
804 1604 935 1683 quoque,
952 1601 1046 1664 valido
1062 1600 1182 1683 oppido,

55 1695 57 1702 '
114 1722 116 1726 ·
153 1722 156 1726 ·
199 1691 317 1752 lunius
332 1692 442 1769 potitus
455 1690 622 1750 erate-in
635 1688 770 1749 Lucanos
784 1696 970 1767 perrectums
988 1685 1058 1747 inde
1074 1706 1183 1767 repen·

135 1785 137 1789 '
175 1779 208 1832 10
217 1775 279 1835 tino
294 1772 420 1845 adventu
431 1771 546 1834 Aemilii
561 1771 689 1843 consulis
700 1771 885 1833 Nerulum-ri
896 1781 1028 1850 captum.
1056 1780 1086 1832 et
1100 1781 1183 1852 post-

112 1888 115 1894 ·
171 1882 174 1886 ·
217 1876 305 1938 quam
329 1875 379 1917 res
401 1857 517 1936 Capuae
538 1854 681 1916 stabilitas
701 1855 834 1920 Romana
856 1855 1010 1936 disciplina
1029 1855 1108 1916 lama
1128 1876 1184 1936 per
1257 1865 1258 1883 ¹

217 1939 481 2019 sociosrulgavit',
507 1939 672 2014 Antiatibus
694 1958 835 2020 quoque,¹
853 1941 962 2019 quise
983 1940 1048 2000 sine
1066 1937 1183 2018 legibus

202 2026 406 2098 'certis„sinc
421 2023 640 2102 magistratibus
653 2043 741 2104 agere
758 2023 974 2103 querebantur,
998 2023 1058 2084 dati
1078 2023 1120 2099 ab,
1135 2043 1183 2086 se·

216 2117 287 2170 natu
301 2108 338 2169 ad
354 2110 420 2190 iura
433 2108 588 2171 statuenda
607 2109 700 2188 ipsius
718 2107 850 2174 coloniae
867 2108 999 2188 patroni:
1026 2125 1083 2170 uec
1098 2127 1183 2171 arma

216 2192 322 2260 modo,
338 2193 390 2253 sed
405 2194 469 2256 iura
485 2194 573 2263 etiam
586 2193 718 2266 Romana
732 2191 789 2253 late
804 2191 966 2272 pollebant.

191 2283 205 2334 1
258 2276 355 2347 ¹lllll.
388 2278 419 2341 C.
435 2273 537 2342 lunius
550 2276 701 2342 Bubulcus
717 2283 747 2338 et
762 2277 796 2348 Q.
812 2277 953 2339 Aemilius
965 2276 1093 2342 Barbula
1110 2297 1182 2342 eon·

215 2359 294 2422 sules
310 2363 389 2423 exitu
405 2363 474 2423 anni
491 2380 551 2444 non
570 2361 739 2423 consulibus
758 2360 795 2422 ab
819 2379 852 2433 se
868 2357 993 2434 creatis,'
1013 2363 1064 2442 Sp.
1075 2364 1181 2426 Nautio

218 2453 248 2506 et
267 2445 305 2506 M.
317 2444 446 2525 Popilio,
468 2453 599 2506 ceterum
624 2445 761 2506 dictatori
774 2445 808 2506 L.
823 2441 947 2507 Aemilio
968 2447 1102 2526 legiones
1117 2456 1182 2510 tra·

188 2528 363 2605 ediderunt.
403 2531 429 2590 is
450 2528 574 2609 cumgb.
590 2527 691 2589 Fulvio
712 2529 853 2606 magistro
875 2533 1006 2609 equitum
1022 2532 1182 2598 Saticulam
1257 2531 1258 2536 ’

197 2684 200 2689 .
217 2631 389 2692 oppugnare
413 2612 533 2682 adortus
561 2611 727 2673 rebellandi
748 2618 872 2674 causam·
887 2615 1177 2696 Samnitibusdedit
1257 2659 1258 2678 t

188 2695 325 2774 Aduplex
346 2696 415 2764 inde
432 2698 529 2758 terror
544 2696 653 2758 inlatus
668 2697 823 2776 Romanis:
846 2697 916 2758 hinc
935 2701 1052 2774 Samnis
1071 2721 1183 2780 magno.

190 2791 192 2794 ·
217 2781 348 2839 exercitu
365 2789 466 2840 coacto
482 2781 519 2842 ad
535 2779 875 2859 exiinendosobsidione
891 2783 994 2860 socios
1007 2785 1093 2846 'haud
1110 2795 1197 2866 proi
1220 2803 1222 2809 ·

217 2862 376 2922 culcastris
383 2863 584 2924 Romanorum
596 2873 690 2925 castra
702 2867 815 2943 posult;
827 2866 896 2927 hinc
904 2867 1064 2930 Saticulani
1070 2879 1183 2948 magno-
1257 2943 1258 2946 Ἴ

217 2963 285 3009 cum
301 2946 428 3007 tumultu
442 2947 594 3026 patefactis
609 2959 730 3026 repente
745 2951 838 3028 portis
852 2953 883 3010 in
895 2954 1036 3014 stationes
1050 2954 1179 3019 hostium
1257 2947 1258 3013 l

121 3051 123 3056 ·
188 3032 417 3092 Aincurrerunt.
448 3031 525 3116 inde
545 3049 615 3112 pars
636 3041 761 3112 utraque
784 3053 836 3114 spe
854 3035 950 3096 alieni·
964 3039 1058 3116 magis
1080 3038 1180 3099 auxilii

174 3123 192 3194 Ἰ
216 3129 304 3194 quam
321 3115 432 3177 viribus
452 3115 528 3177 freta
543 3118 603 3176 suis
626 3117 702 3178 iusto
718 3135 785 3188 mox
807 3119 920 3196 proelio
942 3122 1014 3182 inito
1030 3123 1179 3184 Romanos

214 3208 358 3277 urguent,
371 3208 400 3261 et
408 3219 583 3280 quamquam
594 3219 703 3280 anceps
714 3201 867 3281 dimicatio]
874 3214 951 3276 erat,
965 3213 1064 3275 tamen
1075 3208 1178 3266 utrim-
1226 3209 1228 3214 '

160 3327 162 3334 Α
214 3302 274 3361 que
287 3292 377 3344 tutam
394 3286 486 3346 aciem
499 3286 624 3348 dictator
639 3286 754 3356 habuit,
772 3289 839 3365 quia
856 3297 885 3349 et
899 3290 997 3367 locum
1012 3289 1090 3350 haud
1106 3291 1176 3351 iaci·

216 3364 286 3435 lem,
301 3368 337 3426 ad
360 3369 751 3450 circumveniundumcepit
772 3381 801 3431 et
823 3371 937 3432 diversa
962 3376 1064 3434 statuit
1083 3376 1174 3452 sigua.

176 3453 205 3518 ¹o
217 3447 352 3510 infestior
364 3459 463 3518 tamen
477 3454 510 3512 in
525 3465 714 3533 erumpentes
731 3455 864 3524 incessit,
887 3475 943 3540 nec
957 3460 1065 3537 magno
1080 3455 1177 3520 certa-
