2532 3938
153 187 193 248 12
293 149 537 242 enervisque.
554 187 595 238 11.
615 187 655 241 ta.
678 177 716 259 [a.
733 201 763 242 u.
780 200 807 240 1.
822 185 883 240 395.
901 177 964 258 396]

152 346 253 415 caedi,
269 348 416 424 recepisse
431 363 463 406 se
485 349 562 407 intra
577 346 695 408 urbem:
719 364 783 407 eam
798 363 862 406 rem
877 345 1027 424 triumpho
1042 345 1106 424 dig·

111 437 141 488 11
154 447 222 489 nam
236 431 327 489 visam
338 428 486 490 Romanis.
510 448 547 490 ne
565 433 652 491 nimis
669 433 777 490 mirum
792 447 989 508 magnumque
1004 446 1106 490 cense-

80 560 85 571 .
151 520 219 572 rent
233 513 389 574 tumultum
405 516 521 574 exciere
536 516 567 574 in
585 514 712 575 hostiurn
733 514 840 592 portis,
859 514 1003 572 maiorem
1027 514 1107 590 ipsos

125 605 136 654 1
154 597 377 676 trepidationem
394 607 461 658 ante
476 600 592 657 moenia
610 616 662 658 sua
677 600 799 657 visuros.
843 596 905 660 xil,
937 596 1038 674 ltaque
1061 598 1107 656 in·

152 682 287 759 sequenti
310 699 388 742 anno
409 681 447 741 11.
469 681 583 759 Popilio
599 681 725 742 Laenate
747 683 798 742 Cn.
815 680 922 740 Manlio
939 679 1107 742 consulibus

152 765 248 842 primo
263 763 379 824 silentio
394 766 489 825 noctis
504 765 540 824 ab
556 764 666 826 Tibure
680 767 796 842 agmine
812 763 918 824 iniesto
932 764 1059 842 proiecti
1070 763 1107 826 ad

120 854 137 901 2
152 846 255 907 urbem
271 847 394 908 Romam
409 857 563 909 venerunt
595 855 741 909 terrorem
756 856 878 924 repente
892 866 927 907 ex
937 864 1041 908 somno
1057 867 1107 907 ex-

152 931 246 990 citatis
262 931 357 992 subita
367 949 416 991 res
428 939 457 991 et
470 939 632 992 nocturnus
645 950 737 1010 pavor
747 931 897 1010 praebuit,
914 931 1018 992 adhoc
1032 930 1107 991 mul·

119 1019 135 1070 3
151 1020 248 1074 torum
262 1015 385 1085 inscitia,
403 1016 453 1092 qui
466 1022 517 1075 aut
530 1015 608 1076 unde
620 1016 719 1076 hostes
730 1016 922 1076 advenissent.
941 1013 1106 1075 conclama·
1207 1088 1212 1097 ,

152 1104 213 1156 tum
240 1105 337 1157 tamen
358 1096 495 1157 celeriter
516 1099 552 1159 ad
574 1118 654 1160 arma
670 1108 729 1167 est,
756 1108 785 1159 et
805 1107 907 1177 portae
934 1098 1107 1160 stationibus

151 1182 287 1258 murique
304 1181 457 1258 praesidiis
477 1184 598 1252 iirmati;
619 1192 649 1244 et
667 1182 718 1244 ubi
740 1185 835 1261 prima
856 1181 905 1242 lux
927 1181 1107 1242 mediocrem

151 1262 366 1324 multitudinem
387 1273 454 1326 ante
477 1267 593 1327 moenia
614 1285 710 1346 neque
732 1267 821 1326 alium
842 1284 929 1345 quam
953 1264 1106 1324 Tiburtem

118 1354 136 1401 4
152 1347 266 1407 hostem
282 1347 423 1417 ostendit,
446 1348 558 1410 duabus
572 1352 665 1427 portis
680 1351 792 1427 egressi
807 1348 942 1410 consules
959 1349 1107 1427 utrimque

152 1432 244 1491 aciem
266 1431 454 1492 subeuntium
475 1433 533 1492 iam
550 1451 650 1494 muros
665 1433 892 1510 adgrediuntur;
915 1433 1107 1510 apparuitque

150 1515 304 1575 occasione
319 1517 411 1591 magis
426 1533 513 1594 quam
529 1517 633 1576 virtute
648 1518 740 1576 fretos
754 1518 882 1576 venisse:
899 1516 971 1574 adeo
988 1517 1032 1575 vix
1046 1517 1107 1593 pri·

150 1614 230 1657 mum
245 1599 387 1674 impetum
401 1598 601 1657 Romanorum
615 1601 790 1659 sustinuere.
828 1599 898 1676 quin
921 1599 1009 1657 etiarn
1028 1597 1106 1658 bono

149 1678 240 1740 fuisse
256 1681 394 1739 Romanis
415 1680 570 1739 adventum
590 1699 690 1741 eorum
715 1680 880 1749 constabat,
903 1679 1106 1759 orientemque

149 1765 206 1822 iam
221 1762 396 1822 seditionem
411 1765 488 1822 inter
502 1769 600 1839 patres
618 1773 647 1824 et
671 1763 786 1842 plebem
804 1773 882 1823 metu
904 1769 963 1821 tam
984 1765 1106 1842 propin-

150 1847 200 1924 qui
215 1845 285 1904 belli
300 1863 498 1924 conpressam.

117 1934 133 1983 o
211 1928 292 1989 Alius
306 1929 447 1990 adventus
462 1929 588 1990 hostium
613 1931 667 1990 luit
684 1933 817 2009 proximo
834 1947 910 1989 anno
925 1930 1004 2005 agris
1019 1931 1106 1990 terri·

117 2017 134 2066 ti
148 2011 236 2072 bilior
253 2031 338 2092 quarn
354 2012 434 2073 urbi:
453 2011 652 2092 populabundi
667 2015 895 2093 Tarquinienses
909 2013 983 2073 fines
997 2013 1105 2074 Roma·

150 2114 212 2164 nos,
227 2099 353 2156 maxime
366 2115 422 2174 qua
435 2115 471 2157 ex
482 2107 565 2176 parte
577 2099 723 2158 Etruriam
738 2099 881 2166 adiacent,
900 2113 1104 2176 peragravere.

149 2178 296 2258 rebusque
311 2181 487 2258 nequiquam
504 2183 635 2260 repetitis
655 2184 722 2242 novi
739 2181 874 2242 consules
896 2183 932 2241 iis
948 2182 978 2242 G.
997 2179 1105 2240 Fabius

148 2269 178 2323 11
192 2264 223 2324 C.
239 2262 369 2323 Plautius
392 2266 472 2326 iussu
494 2265 594 2343 populi
613 2265 722 2327 bellum
742 2267 890 2334 indixere;
907 2263 1056 2343 Fabioque
1070 2282 1104 2324 ea

118 2348 312 2424 tprovincia,
338 2347 450 2409 Plautio
477 2349 597 2409 Hernici
618 2367 751 2410 evenere.
787 2349 889 2410 Gallici
903 2365 1020 2427 quoque
1033 2346 1105 2408 belli

148 2430 226 2490 lama
253 2430 500 2492 increbrescebat.
545 2441 597 2492 sed
617 2435 695 2492 inter
716 2433 822 2494 multos
843 2441 974 2494 terrores
996 2430 1104 2492 solacio

41 2531 44 2537 ’
148 2510 203 2573 ruit
216 2531 273 2592 pax
289 2515 398 2574 latinis
422 2515 590 2593 petentibus
611 2517 678 2576 data
701 2525 731 2576 et
744 2535 849 2594 magna
870 2517 912 2575 vis
927 2514 1052 2575 militum
1066 2513 1103 2574 ab

147 2597 192 2655 his
207 2614 242 2656 ex
262 2597 382 2657 loedere
402 2607 531 2668 vetusto,
553 2600 631 2679 quod
652 2600 749 2660 multis
768 2602 987 2660 intermiserant
1008 2599 1102 2667 annis,

114 2682 131 2734 8
147 2688 276 2758 accepta.
307 2699 365 2756 quo
382 2683 527 2760 praesidio
542 2701 609 2744 cum
622 2684 693 2747 suita
703 2703 751 2745 res
762 2685 891 2745 Romana
905 2690 996 2751 esset,
1006 2681 1103 2742 levius

147 2762 214 2829 iuit,
234 2764 311 2840 quod
326 2763 425 2824 Gallos
442 2784 511 2826 mox
526 2767 685 2831 Praeneste
700 2770 812 2828 venisse
827 2776 914 2846 atque
934 2765 1004 2826 inde
1024 2767 1102 2826 circa

114 2843 258 2904 9Pedum
276 2847 443 2908 consedisse
459 2848 587 2910 auditum
604 2861 657 2912 est.
688 2852 860 2913 dictatorem
883 2850 940 2910 dici
960 2850 991 2911 G.
1007 2847 1102 2927 Sulpi·

147 2929 222 2988 cium
241 2927 360 3006 placuit.
397 2929 499 2991 consul
514 2932 551 2992 ad
566 2934 594 2992 id
610 2937 721 2995 accitus
735 2935 766 2996 C.
783 2935 913 2996 Plautius
928 2933 1017 3001 dixit;
1040 2951 1102 2993 ma·

147 3012 237 3090 gister
261 3014 391 3091 equitum
417 3014 553 3075 dictatori
574 3017 689 3078 additus
708 3019 746 3080 Μ.
769 3018 909 3079 Valerius.
941 3017 972 3078 bi
995 3015 1102 3078 robora

145 3094 270 3156 militum
285 3115 322 3156 ex
337 3096 451 3156 duobus
472 3098 674 3162 consularibus
696 3103 872 3163 exercitibus
887 3102 979 3162 electa
1000 3100 1101 3162 adrer-

145 3195 194 3237 sus
210 3178 307 3239 Gallos
323 3179 479 3241 duxerunt.

106 3265 137 3317 10
209 3262 329 3324 Lentius
342 3265 371 3324 id
382 3264 530 3344 aliquanto
546 3265 664 3338 bellum,
682 3287 769 3349 quam
782 3271 858 3348 parti
874 3270 989 3348 utrique
1004 3266 1100 3346 place-

144 3340 202 3412 bat,
216 3344 279 3404 iuit.
302 3364 369 3406 cum
381 3350 477 3425 primo
489 3349 563 3410 Galli
576 3358 687 3413 tantum
700 3351 774 3413 avidi
786 3354 954 3414 certaminis
968 3353 1101 3419 luissent,

145 3424 252 3486 deinde
267 3427 416 3491 Romanus
442 3431 527 3494 miles
548 3435 661 3495 ruendo
681 3437 810 3498 inerma
829 3456 864 3498 ac
883 3438 1102 3498 dimicationem
