2546 3936
202 188 266 251 146
345 201 440 244 mun
453 201 497 244 1x.
514 203 582 246 oar.
597 189 642 244 45.
655 190 698 244 to.
715 181 755 264 [a.
766 206 797 246 u.
814 206 840 246 o.
855 191 916 247 449.
931 183 994 268 too]

203 350 313 411 tuenda
325 359 454 412 censent.
482 359 600 412 movent
610 350 768 432 plerosque
778 354 899 414 vastatio
914 353 1012 414 lutura
1023 371 1166 432 agrorum

204 451 239 494 ac
257 433 397 514 deinceps
414 453 481 495 cum
496 433 607 496 levibus
617 437 772 515 praesidiis
785 437 904 498 urbium
919 435 1090 498 relictarum
1110 457 1163 500 ex·

155 526 194 575 1⁶2
205 517 290 580 cidia.
319 521 417 599 itaque
432 527 588 599 postquam
604 520 683 581 inter
698 521 805 582 multas
821 521 983 582 sententias
997 539 1070 591 uua,
1087 541 1165 600 quae

202 603 309 664 omissa
326 621 396 664 cura
411 604 611 664 communium
631 603 667 664 ad
688 611 855 683 respectum
874 623 994 666 suarum
1015 623 1166 686 quemque

162 692 193 743 13
204 705 306 749 rerum
316 695 453 757 verteret,
470 693 514 748 cst
525 687 632 756 audita,
648 693 681 748 ut
693 690 789 767 prima
800 688 895 768 vigilia
908 688 1042 750 diversie
1057 692 1165 753 castris

203 769 241 830 ad
256 771 438 853 deportanda
459 772 558 831 omnia
577 770 744 851 tuendaque
771 771 926 833 moenibus
945 774 977 834 in
994 773 1085 834 urbes
1100 773 1163 834 abi·

201 862 286 928 rent,
307 857 407 916 cuncti
426 873 491 916 eam
513 856 689 916 senteutiam
714 857 828 934 ingenti
854 857 982 918 adsensu
1008 875 1164 938 accepere.

155 945 192 996 to
202 938 308 1018 palatis
324 939 458 1000 hostibus
471 956 526 1016 per
540 957 626 1018 agros
640 941 736 1019 prima
752 939 818 1001 luce
833 941 958 1001 Romani
979 941 1071 1020 signis
1090 959 1164 1020 pro·

199 1021 266 1082 latis
280 1026 312 1084 in
327 1024 390 1082 acie
405 1023 582 1094 consistunt,
605 1031 648 1094 et,
673 1021 725 1084 ubi
743 1042 830 1085 nemo
854 1023 957 1085 obrius
971 1024 1047 1096 ibat,
1071 1024 1163 1104 pleno

158 1113 190 1166 15
201 1107 296 1184 gradu
312 1105 348 1167 ad
365 1114 460 1166 castra
474 1106 603 1168 hostium
623 1107 758 1170 tendunt.
800 1107 933 1170 ceterum
947 1115 1102 1188 postquam
1119 1107 1165 1169 ibi

200 1207 298 1270 neque
318 1191 458 1251 stationes
483 1209 538 1270 pro
563 1193 657 1271 portis
681 1211 737 1252 nee
760 1208 936 1272 quemquam
958 1193 988 1252 in
1010 1191 1085 1254 vallo
1104 1210 1163 1252 uec

199 1272 350 1336 fremitum
366 1283 539 1336 consuetum
559 1283 722 1338 castrorum
737 1275 1020 1347 animadverterunt,
1043 1275 1162 1336 insolito

158 1363 191 1416 16
203 1357 399 1421 silentiomoti
406 1366 486 1420 metu
494 1357 845 1422 insidiarumsubsistunt.
869 1358 1163 1438 transgressidcinde

198 1441 306 1505 vallum
328 1462 395 1504 curn
418 1442 535 1505 deserta
555 1445 653 1504 curnia
675 1445 869 1515 invenissent,
895 1451 1024 1524 pergunt
1044 1443 1162 1504 hostem

199 1529 331 1607 vestigiis
345 1528 438 1606 sequi.
470 1527 522 1587 sed
537 1529 658 1606 vestigia
675 1527 706 1588 in
723 1545 826 1588 omnes
843 1545 936 1607 aeque
951 1527 1076 1588 terentia
1091 1546 1162 1606 par·

156 1617 260 1681 t7tes,
275 1612 355 1672 utin
371 1609 490 1688 dilapsis
504 1612 627 1688 passim,
647 1612 744 1689 primo
760 1629 893 1672 errorem
911 1610 1070 1679 iaciebant;
1093 1618 1163 1689 post

197 1713 253 1774 per
269 1693 470 1773 exploratores
492 1695 641 1772 conpertis
660 1694 790 1754 hostium
820 1693 950 1754 consiliis
969 1693 1007 1754 ad
1029 1693 1162 1772 singulas

197 1777 289 1839 urbes
311 1776 546 1837 circumferendo
567 1776 645 1838 bello
666 1795 758 1838 unum
773 1785 803 1838 et
822 1779 942 1856 triginta
960 1777 1066 1858 oppida
1081 1777 1162 1839 intra

199 1861 262 1921 dies
280 1862 489 1942 quinquaginta
510 1863 609 1922 omnia
632 1861 829 1942 oppugnando
853 1870 1010 1941 ceperunt,
1033 1879 1162 1942 quorum

198 1945 340 2026 pleraque
355 1945 451 2006 diruta
462 1951 549 2025 atque
559 1947 690 2014 incensa,
706 1963 872 2025 nomenque
883 1945 1052 2024 Aequorum
1064 1963 1162 2025 prope

149 2029 235 2090 '18ad
246 2030 479 2090 internecionem
495 2026 634 2090 deietmn.
673 2028 710 2089 de
730 2028 838 2108 Aequis
857 2030 1087 2107 triumphatum:
1108 2046 1160 2089 ex·

198 2112 355 2192 emploque
377 2131 481 2174 eorum
496 2111 595 2174 clades
610 2113 679 2183 suit,
700 2119 733 2174 ut
749 2113 909 2174 Marrucini
923 2111 1012 2172 Marsi
1027 2111 1161 2192 Paeligni

198 2195 341 2260 Frentani
358 2197 509 2258 mitterent
523 2197 649 2259 Romam
662 2203 797 2258 oratores
823 2197 904 2276 pacis
926 2195 1071 2275 petendae
1086 2199 1159 2258 ami-

198 2281 352 2361 citiaeque.
388 2281 435 2342 his
449 2279 565 2363 populis
580 2280 685 2341 foedus
699 2279 866 2360 petentibus
881 2279 991 2340 datum.

170 2373 183 2420 1
257 2364 355 2428 XLVI.
381 2364 494 2426 Eodem
510 2382 587 2425 anno
600 2364 652 2426 Cn.
668 2363 784 2425 Flavius
794 2363 845 2425 Cn.
861 2363 938 2424 iilius
951 2361 1058 2435 scriba,
1073 2372 1159 2444 patre

195 2447 334 2509 libertino
354 2443 460 2510 humili
488 2448 607 2508 fortuna
630 2454 728 2517 ortus,
757 2454 890 2508 ceterum
915 2445 1039 2509 callidus
1062 2449 1107 2510 vir
1122 2455 1159 2514 ,et

168 2532 356 2603 eiacundus,
374 2530 476 2593 aedilis
492 2531 602 2592 curulis
616 2530 680 2591 suit.
706 2531 822 2590 invenio
836 2532 868 2590 in
879 2529 1054 2610 quibusdam
1066 2549 1157 2593 anna·

195 2615 287 2687 libus,
316 2635 385 2677 eum
414 2622 571 2696 appareret
603 2613 760 2688 aedilibus,
792 2613 915 2694 fierique
942 2633 974 2676 se
995 2633 1051 2695 pro
1077 2613 1158 2675 tribu

196 2699 321 2761 aedilem
333 2698 448 2760 videret
463 2717 559 2778 neque
578 2699 672 2777 accipi
695 2715 819 2768 nornen,
836 2700 904 2778 quia
918 2700 1061 2780 scriptum
1077 2697 1157 2760 laoc-

195 2775 257 2851 ret,
273 2781 403 2842 tabulam
413 2784 546 2861 posuisse
560 2788 589 2842 et
598 2783 711 2844 iurasse
722 2800 754 2842 se
765 2783 907 2860 scriptum
918 2800 979 2844 non
994 2780 1155 2851 iacturum;

168 2869 184 2922 3
196 2882 283 2945 quem
296 2864 449 2944 aliquanto
464 2872 531 2925 aute
547 2864 657 2926 desisse
673 2866 816 2945 scriptum
830 2866 928 2927 lacere
946 2867 1044 2945 arguit
1057 2865 1157 2926 Macer

194 2948 325 3011 Licinius
339 2948 492 3009 tribunatu
507 2956 576 3008 ante
590 2955 672 3027 gesto
687 2949 990 3029 triumviratibusque,
1009 2957 1156 3011 nocturno

166 3031 296 3103 saltem,
313 3031 407 3095 altero
420 3030 552 3093 coloniae
564 3030 763 3093 deducendae.
789 3042 930 3105 ceterum,
942 3035 972 3094 id
985 3033 1065 3114 quod
1076 3033 1155 3094 haud

195 3117 355 3196 discrepat,
372 3117 557 3178 contumacia
569 3116 709 3178 adversus
723 3123 946 3178 contemnentes
960 3117 1154 3179 humilitatem

164 3207 275 3262 usuam
293 3200 410 3262 nobiles
431 3201 564 3268 certavit:
587 3199 671 3262 civile
685 3201 746 3272 ius,
766 3203 929 3277 repositum
949 3203 981 3261 in
995 3199 1153 3280 penetrali-

194 3283 249 3346 bus
268 3287 461 3364 pontificum,
487 3284 630 3364 evulgavit
650 3286 800 3365 lastosqne
824 3287 903 3347 eirca
921 3285 1019 3346 iorum
1039 3285 1070 3344 in
1087 3282 1154 3344 albo

163 3370 357 3446 uproposuit.
385 3376 435 3439 ut,
458 3369 575 3448 quaudo
589 3368 655 3446 lege
678 3369 725 3446 agi
739 3376 852 3447 posset,
880 3371 1023 3436 sciretur;
1050 3367 1154 3428 aedem

195 3448 374 3513 Concordiae
388 3452 420 3512 iu
436 3469 505 3512 area
519 3450 641 3512 Vulcani
658 3469 773 3512 summa
789 3452 897 3514 invidia
913 3451 1055 3514 nobilium
1071 3449 1150 3512 dedi·
