2538 3946
194 155 259 218 200
353 171 449 212 nrunu
462 173 493 212 x.
511 169 580 212 cnr.
598 158 641 214 47,
656 182 698 194 -
713 167 874 211 ramosus
887 167 949 210 utu.
965 169 1011 212 ιι.

197 335 287 380 censa
307 320 435 398 capitum
456 316 534 378 milia
557 316 683 378 ducenta
704 319 854 398 sexaginta
880 316 937 379 duo
958 321 1113 378 trecenta
1189 305 1229 372 vd

196 403 272 480 giuti
285 421 388 464 uuum.
418 419 557 462 censores
577 402 834 470 vicesimiseutia
857 397 1229 484 primisoensoribus

167 485 322 547 slustrnm
332 485 583 546 undevicesimum
597 485 662 545 luit.
675 518 717 528 -—
730 483 843 546 Eodem
858 503 934 546 auno
950 485 1099 546 coronati
1114 481 1229 564 pn'l

195 589 279 631 mum
295 568 332 632 oh
347 588 396 632 res
410 568 489 630 bello
503 569 580 629 hene
598 575 696 646 gestas
709 567 794 629 ludos
810 568 960 630 Romanos
976 571 1229 648 spactamntu

194 653 370 733 palmaeque
386 661 449 714 tum
464 655 593 732 primum
605 651 746 712 translato
763 671 779 712 e
797 651 920 713 Graecia
936 671 1020 714 more
1040 651 1229 726 victorie?

166 738 252 798 abus
266 738 360 799 datae.
376 771 419 782 -
432 737 546 798 Eodem
561 753 638 797 auno
655 735 692 795 ab
705 735 848 798 aedilibus
859 735 1025 806 curulibus,
1042 737 1106 816 qui
1124 749 1229 806 eost

194 821 281 884 ludos
297 821 448 891 lecerunt,
466 820 612 882 damnatis
626 817 738 898 aliquot
750 821 898 898 pecuariis
911 822 957 882 ria
972 838 988 880 a
1000 821 1117 882 Martis
1136 815 1229 892 si-l

190 906 251 966 liae
267 905 304 966 ad
318 903 446 966 Bovillas
462 911 607 982 perstrata
622 911 675 964 est.
1228 907 1229 982 p

164 996 182 1046 5
279 989 400 1050 Comitia
423 987 588 1048 consularia
608 988 642 1049 L.
659 987 795 1064 Papirius
814 988 932 1049 hahuit:
957 987 1071 1049 creavit
1096 1003 1201 1047 con·
1228 991 1229 1062 l

194 1071 272 1134 eules
288 1072 323 1142 Q.
338 1071 461 1132 Fabium
472 1072 592 1132 Maximi
605 1071 626 1132 l.
642 1071 795 1150 Gurgitem
811 1079 842 1132 et
856 1072 891 1133 D.
906 1071 1022 1133 lunium
1034 1071 1195 1132 Brutum
1228 1063 1229 1104 l

195 1156 352 1224 Scaevam;
368 1157 432 1234 ipse
446 1155 582 1234 Papirius
593 1163 716 1235 ¹praetor
733 1155 837 1216 lactus.

165 1247 183 1298 6
257 1238 356 1300 Multis
371 1239 462 1300 rebus
476 1239 571 1300 laetus
591 1257 685 1300 annius
700 1239 750 1300 viu
763 1239 800 1301 ad
820 1238 961 1301 solacium
975 1239 1065 1300 nnius
1083 1235 1180 1308 mali,

193 1321 381 1404 pestilentiae
409 1324 524 1385 urentis
552 1323 640 1384 simul
660 1322 766 1385 urbem
792 1331 879 1404 atque
906 1341 1007 1402 agros,
1032 1322 1174 1393 suffecit,

194 1413 392 1487 portentoque
405 1409 465 1469 iam
476 1405 580 1468 similis
595 1408 694 1468 clades
710 1414 787 1477 erat,
807 1415 836 1468 et
846 1407 916 1468 libri
935 1408 1022 1480 aditi,
1036 1408 1169 1486 quinam

166 1501 181 1550 t
196 1491 262 1552 linis
273 1498 325 1552 aut
339 1490 418 1571 quod
433 1491 598 1552 remedium
610 1494 673 1553 eius
686 1492 757 1552 mali
771 1490 808 1552 ab
821 1492 880 1552 diis
894 1491 1024 1552 daretur.
1055 1492 1167 1551 iuven·

194 1581 259 1636 tum
273 1577 305 1635 iu
321 1573 406 1636 libris
422 1573 630 1655 Aesculapium
645 1575 682 1636 ab
696 1575 846 1652 Epidauro
861 1576 986 1637 Romam
1006 1591 1166 1636 arcessen-

194 1658 275 1719 dum.
307 1676 405 1736 neque
420 1677 456 1720 eo
470 1676 565 1728 auno,
581 1661 649 1737 quia
664 1657 742 1719 bello
762 1661 897 1738 occupati
912 1658 1047 1721 consules
1063 1666 1163 1728 eraut,

193 1741 353 1822 quicquam
369 1741 405 1802 de
423 1759 457 1802 ea
474 1759 508 1802 re
528 1747 640 1812 actum,
655 1748 862 1824 praeterquam
878 1743 957 1823 quod
972 1761 1065 1806 uuum
1080 1741 1162 1804 diem

194 1823 368 1903 Aesculapio
382 1825 556 1906 snpplicatio
571 1823 671 1886 hahita
685 1833 738 1887 est.

576 2061 778 2074 ...n-q...—

489 2261 677 2324 PERIOCHA
695 2261 797 2324 LIBRI
814 2260 863 2322 XI,

263 2427 327 2479 Gum
339 2427 432 2480 lisbius
447 2427 546 2494 Gurges
558 2430 648 2481 consul
665 2429 732 2480 mule
747 2429 871 2480 adversus
881 2426 1007 2478 Samnites
1019 2439 1154 2493 pugnasset
1228 2431 1229 2496 J

195 2507 220 2546 et
232 2503 338 2548 senatus
357 2495 390 2546 de
410 2496 566 2547 removendo
583 2511 613 2548 eo
629 2497 663 2547 ab
677 2496 790 2546 exercitu
807 2501 906 2560 ageret,
923 2495 1015 2546 Fabius
1031 2495 1153 2548 Maximus
1228 2515 1229 2560 j

193 2571 266 2628 pater
285 2561 518 2629 deprecatus-hano
534 2564 571 2612 fili
587 2564 752 2628 ignominium
766 2577 795 2612 eo
812 2562 924 2612 maxima
941 2569 1058 2612 senatum
1068 2564 1150 2627 movit,

194 2630 265 2695 quod
283 2631 377 2681 iturum
394 2645 423 2680 se
439 2629 492 2680 lilio
513 2629 626 2695 legatum
643 2630 772 2696 pollicitus
784 2636 836 2690 cst,
854 2629 932 2692 idque
943 2629 1075 2694 praestitit.
1100 2631 1150 2680 eius
1228 2653 1229 2668 2

195 2697 311 2748 consiliis
329 2705 354 2746 et
365 2711 444 2762 opera
455 2697 524 2748 filius
537 2698 625 2748 consul
637 2699 740 2748 adiutus
758 2696 841 2747 caesis
853 2695 1008 2747 Samnitibus
1020 2695 1150 2762 triumphs·
1228 2715 1229 2718 ¹

196 2765 249 2825 vit3
276 2763 304 2814 G.
321 2765 440 2814 Pontium
457 2766 635 2828 imperatorem
659 2765 825 2828 Samnitium,
848 2763 951 2812 ductum
972 2763 998 2811 iu
1019 2762 1149 2829 triumpho,

195 2830 281 2882 securi
297 2831 434 2895 percussit.
464 2845 522 2879 cum
538 2833 683 2896 pestilentia
706 2833 796 2884 ciuitas
818 2831 955 2888 laboraret,
979 2829 1052 2880 missi
1071 2829 1148 2895 legati,
1228 2845 1229 2870 1

195 2903 225 2946 ut
241 2897 379 2960 Aesculapi
396 2897 498 2961 siguum
515 2898 621 2947 Romam
645 2900 676 2948 ab
693 2899 822 2964 Epidauro
840 2896 1019 2960 transferrent,
1036 2911 1147 2962 anguem,
1228 2895 1229 2948 3

195 2965 240 3027 qui
252 2978 280 3013 se
291 2964 318 3012 iu
332 2977 423 3012 navem
440 2978 527 3013 eorum
541 2963 692 3024 contulerat,
711 2966 800 3028 inquo
816 2965 901 3028 ipsum
921 2978 1016 3014 numen
1029 2978 1082 3014 essa
1093 2979 1146 3014 cou-
1228 3015 1229 3022 ἶ

195 3032 291 3092 stabat,
305 3031 515 3097 deportaveruut3
529 3045 609 3095 eoque
619 3031 647 3080 iu
659 3031 769 3081 insulam
781 3032 879 3080 Tiberis
889 3045 992 3096 egresso
1002 3031 1087 3080 eodem
1097 3031 1147 3082 loco

194 3099 272 3148 sedes
285 3099 437 3164 Aesculapio
450 3099 586 3150 constituta
598 3107 644 3153 est.
668 3099 696 3150 L.
709 3099 856 3150 Postumius
868 3098 1016 3158 consularis,
1029 3098 1146 3162 quoniam,
1228 3101 1229 3154 ἕ

196 3181 255 3216 cum
268 3167 390 3218 exercitui
399 3174 542 3232 praeesset,
555 3181 632 3233 opera
643 3167 752 3218 militum
763 3168 790 3217 iu
801 3181 862 3232 agro
874 3181 921 3217 suo
933 3181 995 3216 usus
1005 3176 1069 3229 erat,
1081 3165 1146 3216 dum·

196 3241 273 3284 uatus
286 3242 334 3284 est.
357 3249 446 3300 pacem
463 3235 609 3300 petentibus
622 3233 778 3286 Samnitibus
794 3234 885 3284 foedus
903 3242 992 3297 quarto
1009 3239 1146 3282 renovatum
1228 3227 1229 3296 Ῐ

197 3310 244 3350 est.
270 3301 360 3351 Curius
372 3301 496 3351 Dentatus
512 3301 601 3352 consul
618 3301 776 3352 Samnitibus
794 3301 876 3352 eaesis
888 3310 913 3350 et
926 3299 1039 3359 Sabinis,
1062 3299 1099 3361 qui
1109 3314 1145 3347 re-

196 3365 360 3427 bellaverant,
373 3368 447 3417 vietis
459 3376 484 3416 et
492 3368 519 3417 iu
531 3367 687 3418 deditionem
697 3369 808 3433 acceptis
820 3368 859 3418 bis
871 3368 898 3416 iu
911 3367 1001 3416 eodem
1009 3365 1144 3429 magistratu
1228 3423 1229 3426 Ἴ

196 3431 371 3494 triumphavit.
395 3434 509 3483 coloniae
521 3433 644 3484 deduetse
662 3442 723 3484 suut
735 3433 850 3484 Castrum
863 3433 930 3484 Sena
941 3432 1043 3490 Hadria.
1066 3431 1145 3480 triun·
1228 3479 1229 3482 ,
