2538 3946
328 190 425 234 mun
439 189 516 233 xxu.
533 189 602 232 osu.
618 177 644 232 3.
659 179 685 233 4.
702 169 741 253 [a.
759 172 793 234 Ο.
808 169 871 254 217]
1011 175 1074 240 283

22 381 24 384 -
115 341 217 402 omnia
234 356 269 401 ac
282 355 482 431 praeppopere
496 344 639 400 acturum.
678 357 794 418 quoque
809 339 933 418 pronior
950 345 1029 400 esset
1041 338 1074 400 ln

22 475 23 478 ,
118 425 186 484 sitta
207 440 275 494 sua,
296 423 408 500 agitare
431 439 497 482 eum
526 427 614 501 atque
637 422 761 484 inritare
781 422 899 484 Poenus
919 428 1019 501 parat,
1046 427 1104 483 eto

116 504 199 568 laeva
220 503 324 568 relicto
343 503 429 566 hoste
449 503 586 566 Faesulas
609 513 715 584 petens
733 505 830 568 medio
851 505 987 567 Etruriae
1001 523 1073 583 agro

115 588 291 670 praedatum
304 588 454 668 proiectus
467 593 607 669 quantam
621 591 778 652 maximam
797 591 960 651 vastitatem
977 595 1076 668 potest

113 671 257 734 caedibus
271 671 473 752 incendiisque
487 670 602 734 consuli
616 667 720 752 procul
734 673 870 735 ostendit.
902 671 1071 744 Flaminius,
1083 681 1102 733 7

115 758 170 836 qui
183 774 222 818 ne
237 757 336 836 quieto
351 755 469 836 quidem
483 754 567 817 boste
581 757 646 833 ipse
654 757 807 836 quieturus
822 763 900 827 erat,
918 762 1073 826 tumuere,

115 846 273 920 postquam
283 857 334 901 res
345 841 493 900 sociorum
504 845 573 899 ante
584 839 685 901 oculos
695 857 789 920 prope
800 858 869 902 suos
883 839 956 900 ierri
970 840 1074 919 agique

115 921 197 994 vidit,
209 941 295 986 suum
305 923 335 984 id
343 922 470 984 dedecus
481 930 572 993 ratus,
586 940 641 1002 per
652 924 779 985 mediam
790 921 1075 1001 iamltsliamvogari

115 1005 249 1068 Poenum
263 1013 350 1087 atque
362 1005 522 1068 obsistente
536 1004 617 1067 nullo
633 1007 670 1068 nd
681 1008 745 1088 ipsa
755 1006 888 1068 Romana
901 1007 1019 1069 moenia
1029 1007 1075 1066 ire

114 1091 329 1170 oppugnanda,
352 1091 459 1152 ceteris
481 1088 618 1170 omnibns
633 1091 664 1150 in
682 1090 802 1151 consilio
827 1089 965 1152 salutaria
981 1091 1104 1169 magist

111 1192 204 1253 quem
225 1153 1014 1254 speciosa⁵‘suadentibussocollegani'cerpectandum,
1040 1181 1075 1235 ut

115 1258 282 1318 coniunctis
303 1256 497 1327 exercitibus,
521 1258 671 1318 communi
692 1259 790 1318 animo
809 1256 991 1336 consilioque
1008 1274 1073 1318 rem

114 1347 268 1419 gererent,
297 1341 416 1402 interim
445 1341 576 1418 equitatu
600 1339 773 1421 auxiliisque
797 1339 904 1401 levium
923 1357 1074 1402 nrmorum

119 1422 155 1484 ab
173 1423 265 1484 eliuss
283 1422 447 1502 praedendi
470 1422 587 1484 licentia
608 1423 723 1485 bostem
744 1423 960 1493 cohibendum,
981 1425 1102 1485 iratusu

112 1523 149 1567 se
165 1503 338 1568 ex'consilio
347 1507 507 1586 proripuit,
524 1507 699 1586 signumque
714 1507 801 1570 simul
815 1507 929 1569 itineris
943 1523 1073 1586 pugnae·

112 1607 174 1670 que
191 1607 258 1651 cum
272 1592 485 1667 propostdsset,
507 1591 625 1661 „immo
638 1591 736 1652 Arreti
751 1598 819 1652 ante
840 1589 956 1651 moenia
971 1589 1117 1651 sedes-lc

114 1681 209 1735 mus“
222 1675 331 1754 inquit,
348 1673 424 1745 „bic
435 1675 514 1735 euim
530 1674 625 1752 patria
639 1682 668 1735 et
682 1680 804 1754 penates
818 1681 896 1736 sunt
926 1672 1074 1736 Hannibal

112 1758 238 1818 emissus
259 1775 276 1817 e
299 1755 435 1818 manibus
454 1756 667 1837 perpopuletur
687 1757 799 1820 ltaliam
825 1757 1024 1838 vastandoque
1045 1764 1075 1818 et

112 1840 228 1901 urendo
242 1842 341 1901 omnia
357 1840 395 1902 ad
407 1839 539 1902 Romana
553 1843 670 1903 moenia
684 1842 849 1920 perveniat,
864 1859 920 1903 nec
935 1847 1003 1903 ente
1019 1858 1074 1902 nos

111 1921 185 1984 binc
204 1925 398 1994 moverimus,
421 1941 524 2004 quam,
554 1925 632 1985 sicut
655 1923 725 1986 olim
747 1923 901 1986 Camillum
927 1922 964 1984 ab
984 1925 1072 1994 Veiis,

111 2007 146 2068 C.
161 2005 338 2069 Flaminium
361 2006 398 2069 ab
412 2008 529 2068 Arretio
548 2014 649 2086 patres
669 2008 859 2068 asciverint.“
891 2005 966 2066 baec
984 2005 1114 2068 simulit

111 2091 272 2170 increpans
285 2109 353 2152 cum
368 2091 450 2150 ocius
464 2091 547 2167 signa
562 2088 687 2150 convelli
696 2089 814 2150 iuberet
825 2095 855 2149 et
867 2090 931 2168 lpse
941 2090 972 2149 in
988 2106 1073 2150 ecum

111 2173 289 2243 insiluisset,
300 2183 376 2234 ¹ecus
393 2179 516 2251 repente
531 2173 649 2232 conruit
665 2171 876 2251 consulemque
891 2171 1006 2251 lapsum
1022 2191 1072 2233 su·

112 2268 168 2334 per
183 2263 273 2334 caput
291 2255 403 2316 effudit
430 2255 543 2314 territis
556 2253 708 2327 omnibns,
726 2257 777 2335 qui
791 2256 870 2316 circa
885 2264 978 2326 erant,
993 2253 1073 2318 velut
1082 2264 1116 2315 12

109 2337 201 2399 loedo
209 2339 308 2399 omine
319 2337 505 2417 incipiendae
516 2338 561 2400 rei
574 2339 695 2418 iusuper
707 2339 981 2415 nuntiatursignum
993 2340 1074 2399 omni

112 2422 141 2481 si
156 2419 298 2482 moliente
314 2420 456 2500 signifero
468 2420 592 2482 convelli
607 2422 739 2502 nequire.
771 2439 929 2482 conversus
942 2421 981 2483 nd
994 2439 1069 2483 nun·
1083 2429 1115 2483 13

110 2506 187 2567 tium
206 2523 305 2576 „num
326 2503 439 2568 litteras
459 2513 603 2585 quoque“
622 2507 720 2586 inquit
746 2503 811 2578 „ab
831 2511 936 2566 senatu
961 2505 1071 2576 adlers,

109 2605 188 2668 quae
199 2606 248 2649 me
260 2605 324 2650 rem
336 2605 441 2667 gerere
451 2590 567 2650 vetanti
582 2588 643 2660 nbi,
658 2590 776 2660 nuntia,
793 2587 933 2650 effodiant
945 2588 1071 2667 signum,

109 2673 139 2734 si
157 2670 195 2732 ad
214 2671 439 2734 convellendum
457 2689 562 2733 manus
581 2691 654 2753 prae
673 2680 755 2735 metu
772 2671 989 2751 obtorpuerit.“
1022 2674 1118 2732 in-14

114 2755 220 2817 cedere
237 2756 307 2817 inde
327 2773 433 2835 agmen
455 2757 552 2836 coepit
568 2753 762 2837 primoribus,
784 2773 977 2836 superquam
992 2755 1072 2836 quod

109 2838 313 2902 dissenserant
330 2838 367 2901 ab
389 2837 527 2911 consilio,
550 2841 662 2902 territis
681 2842 769 2902 etiam
796 2838 904 2919 duplici
924 2839 1070 2919 prodigio,

109 2923 203 2984 milite
212 2925 245 2985 in
256 2923 361 3002 vulgus
371 2923 448 2985 laeto
461 2923 573 2987 ierocia
588 2925 678 2996 ducis,
696 2942 763 2986 cum
775 2941 857 3003 spem
868 2925 962 3002 magis
975 2925 1070 3004 ipsam

109 3022 201 3084 quam
216 3023 334 3068 caumm
350 3009 414 3086 spei
427 3009 602 3070 intueretur.

175 3087 221 3148 iv.
259 3087 406 3151 Hannibal
429 3090 508 3171 quod
529 3093 594 3168 agri
621 3099 666 3152 est
684 3093 764 3150 iuter
784 3089 944 3150 cortomm
964 3084 1095 3148 urbemi

110 3170 406 3251 Trasumennumque
417 3171 514 3234 lucum
532 3174 614 3232 omni
634 3172 716 3234 clude
730 3170 801 3231 belli
823 3175 984 3250 pervastat,
1010 3187 1069 3248 quo
1097 3197 1100 3206 «

109 3255 204 3333 magis
218 3254 294 3315 iram
311 3253 390 3315 hosti
403 3255 440 3316 ad
454 3253 644 3317 vindicandas
664 3254 810 3315 sociorum
828 3254 952 3315 iniurias
973 3258 1076 3314 acuat,

106 3345 141 3399 et
148 3339 207 3399 nm
221 3345 419 3417 pervenerant
432 3338 469 3400 nd
482 3337 547 3398 loca
560 3345 627 3398 nata
637 3336 767 3407 insidiis,
781 3335 834 3398 ubi
846 3337 973 3399 maxime
984 3345 1098 3397 mon-2

108 3427 154 3482 tes
172 3422 369 3484 Cortonenses
392 3420 453 3504 [in]
470 3422 690 3483 Trasumennus
707 3418 794 3481 subit.
829 3423 873 3482 via
889 3426 1001 3481 tantum
1021 3419 1068 3482 in·

1246 3061 1251 3134 ἔ

1247 3135 1250 3219 l
