2538 3946
354 199 448 240 amns
457 199 488 238 x.
505 195 574 239 car.
589 184 633 238 46.
645 185 688 236 47.
702 173 741 257 [a.
755 177 790 238 O.
805 175 865 259 293]
1027 181 1090 246 199

104 347 231 411 buttem
244 349 331 409 etiam
346 349 378 406 in
393 345 572 425 stipendium
585 343 711 405 militum
725 341 873 404 conlatum
887 351 946 415 est,
962 361 1030 405 eum
1063 347 1089 405 si

108 441 225 512 spreta
241 431 335 509 gloria
350 431 453 490 luisset
463 431 593 508 captivae
608 429 750 508 pecuniae
765 429 796 487 in
810 429 957 489 aerarium
968 427 1086 500 inlatae,

110 526 152 576 et
167 516 253 578 militi
264 532 375 576 munus
385 513 449 575 dari
461 531 497 574 ex
508 513 617 592 praeda
630 519 660 573 et
672 511 849 590 stipendium
859 510 986 572 militare
999 529 1086 590 pree-

110 602 199 661 stari
217 600 369 679 potuisset.
416 597 519 658 aedem
543 597 658 668 Quirini
679 594 838 664 dedicavit;
860 614 948 674 quam
970 598 1002 656 in
1023 598 1116 676 ipsat

113 684 316 744 dimicatione
330 689 427 744 votam
450 681 527 761 apud
546 682 695 742 neminem
717 687 847 740 veterem
869 687 1020 741 auctorem
1040 681 1086 740 iu-

115 768 229 838 venio‚
245 785 342 846 neque
352 765 473 827 hercule
485 773 544 826 tam
557 766 663 842 exiguo
674 770 807 841 tempore
821 765 964 842 perlicere
974 765 1086 844 potuis·

117 859 185 911 set:
202 849 239 910 ab
255 849 398 912 dictatore
416 859 500 930 patre
519 856 614 910 votam
631 847 709 908 tilius
724 845 825 908 consul
841 847 987 908 dedicavit
1000 865 1085 908 exor-

120 936 265 1013 navitque
281 934 409 995 hostium
428 933 542 1013 spoliis,
562 950 687 1012 quorum
702 939 783 991 tanta
798 929 953 992 multitudo
970 932 1038 1001 luit,
1055 937 1116 991 utss

121 1033 189 1078 non
211 1017 353 1097 templum
374 1025 486 1078 tautum
508 1017 664 1095 lorumque
685 1016 721 1075 iis
733 1022 903 1084 ornaretur,
924 1015 976 1076 sed
999 1016 1086 1076 sociis

122 1103 215 1162 etiam
231 1101 401 1181 colonisque
417 1102 559 1161 finitumis
574 1101 609 1162 ad
628 1097 809 1179 templorum·
826 1098 1018 1179 locorumque
1031 1116 1086 1177 pu·

120 1181 270 1246 blicorum
291 1193 428 1246 ornatum
450 1184 658 1245 dividerentur.
699 1181 736 1242 alt
754 1182 905 1261 triumpho
925 1185 1115 1244 exercitumt)

122 1269 157 1328 iu
178 1286 282 1346 mrum
296 1268 468 1338 Vescinum,
491 1269 559 1347 quia
580 1269 664 1346 regio
679 1285 712 1327 ea
733 1266 839 1327 infesta
854 1264 890 1326 ab
907 1266 1087 1328 Samnitibus

128 1358 207 1420 erat,
222 1351 411 1412 hibernatum
427 1351 518 1412 duxit.

188 1434 268 1494 Inter
281 1435 354 1495 haec
366 1435 506 1496 Carvilius
520 1432 623 1496 consul
635 1435 666 1494 in
678 1433 796 1494 Etruria
809 1433 940 1495 Troilum
955 1435 1084 1512 primum
1096 1439 1130 1490 10

126 1535 299 1596 oppugnare
320 1518 441 1579 adortus
461 1518 691 1598 quadringentos
715 1519 898 1597 septuaginta
919 1517 1085 1587 ditissimos,

127 1603 251 1682 pecunia
268 1601 372 1681 grandi
386 1609 501 1682 pactos,
522 1610 556 1662 ut
570 1601 652 1663 abire
667 1601 736 1662 inde
759 1602 876 1672 liceret,
893 1602 1015 1670 dimisit,
1036 1619 1085 1661 ce·
1096 1607 1128 1658 tt

125 1695 221 1746 teram
242 1685 458 1747 multitudinem
480 1686 679 1766 oppidumque
704 1687 800 1766 ipsum
826 1688 853 1746 vi
881 1687 967 1766 cepit.
1017 1684 1087 1746 inde

128 1770 257 1849 quinque
279 1770 398 1830 castella
421 1769 493 1830 locis
517 1771 571 1832 sita
590 1771 712 1836 munitis
727 1772 911 1850 expugnavit.
940 1787 1025 1831 caesa
1044 1768 1087 1830 ibi
1097 1777 1130 1828 12

126 1851 256 1913 hostium
274 1853 332 1915 duo
353 1852 433 1914 milia
456 1854 678 1932 quadringenti,
699 1855 796 1914 minus
821 1853 979 1925 duomilia
1000 1854 1086 1933 capti.

128 1943 158 1997 et
173 1935 294 1997 Faliscis
308 1956 413 2016 pacem
428 1937 597 2016 petentibus
611 1955 724 1998 annuas
737 1938 865 1998 indutias
881 1937 961 1997 dedit
984 1946 1088 2015 pactus

127 2027 246 2081 centum
266 2020 346 2082 milia
366 2023 462 2098 gravis
481 2023 558 2082 aeris
580 2030 609 2081 et
630 2019 807 2097 stipendium
823 2021 886 2082 eius
900 2021 967 2079 anni
989 2019 1088 2078 militi·

126 2121 191 2164 nus.
222 2103 268 2164 his
285 2103 375 2164 rebus
390 2106 462 2164 actis
472 2102 509 2164 ad
526 2103 709 2180 triumphum
722 2101 860 2171 decessit,
874 2109 908 2163 ut
918 2103 1016 2162 minus
1028 2100 1086 2162 cla·
1099 2109 1132 2160 13

128 2203 195 2247 rum
212 2185 249 2245 de
265 2186 459 2256 Samnitibus,
481 2203 569 2264 quam
585 2185 715 2262 collegae
736 2187 903 2265 triumphus
916 2187 1028 2256 luerat,
1048 2187 1089 2246 ita

130 2267 246 2328 cumulo
262 2269 378 2328 Etrusci
390 2267 461 2328 belli
478 2276 643 2347 aequatum.
682 2271 759 2330 aeris
780 2273 876 2347 gravis
896 2269 963 2330 tulit
983 2272 1015 2329 in
1037 2287 1085 2330 ae·
1098 2275 1132 2326 14

128 2351 239 2411 tarium
255 2359 386 2412 trecenta
402 2353 549 2430 octoginta
564 2350 658 2422 milia;
681 2350 796 2430 reliquo
812 2370 880 2413 aere
897 2352 999 2414 aedem
1015 2352 1088 2412 For·

127 2435 166 2495 tis
182 2434 329 2496 Fortunae
345 2435 382 2496 de
396 2435 543 2496 manubiis
562 2434 727 2496 faciendam
749 2435 853 2497 locavit
872 2455 967 2517 prope
984 2435 1089 2497 aedem

129 2520 192 2580 eius
214 2518 285 2579 deae
308 2517 345 2579 ab
368 2537 438 2597 rege
454 2519 556 2581 Servio
575 2519 672 2581 Tullio
693 2519 856 2582 dedicatam
863 2540 871 2590 ;
893 2529 923 2582 et
942 2519 1085 2581 militibus
1096 2524 1129 2578 15

130 2621 166 2663 ex
185 2602 295 2682 praeda
310 2610 449 2664 centenos
464 2603 551 2665 binos
570 2622 648 2666 asses
663 2611 692 2666 et
711 2603 836 2665 alterum
857 2611 970 2665 tantum
986 2611 1087 2664 centu-

129 2685 262 2746 rionibus
283 2693 369 2767 atque
390 2685 538 2766 equitibus
560 2687 740 2766 malignitate
762 2687 892 2767 collegae
920 2689 1031 2766 gratius
1053 2706 1088 2749 ac

129 2769 306 2849 cipientibus
327 2789 435 2833 munus
452 2772 556 2832 divisit.
589 2772 670 2832 lavor
695 2771 823 2834 consulis
845 2780 955 2834 tutatus
976 2771 1013 2832 ad
1033 2791 1085 2853 po·
1098 2778 1132 2831 16

129 2853 230 2932 pulum
251 2861 295 2915 est
314 2855 347 2916 L.
368 2856 552 2916 Postumium
577 2854 706 2934 legatum
729 2857 807 2927 eius,
834 2859 885 2936 qui
904 2857 981 2918 dicta
1003 2856 1050 2917 die
1071 2873 1088 2917 a

129 2937 167 2998 ll.
183 2938 301 3000 Scantio
326 2939 562 3019 tribunoplebis
585 2940 701 3019 fugerat
721 2941 751 3000 iu
773 2939 935 3017 legatione,
957 2947 990 3001 ut
1010 2941 1089 3000 lama

130 3018 257 3090 ferebat,
279 3022 380 3100 populi
394 3024 549 3094 iudicium;
575 3025 738 3103 iactarique
763 3027 856 3102 magis
877 3043 966 3104 quam
984 3025 1088 3102 peragi

131 3105 277 3162 accusatio
292 3107 354 3165 eius
370 3114 493 3183 poterat.

187 3185 296 3246 xtvtt.
339 3187 448 3247 Exacto
474 3191 630 3248 lemanno
658 3190 725 3249 novi
745 3189 856 3249 tribuni
880 3188 975 3269 plebis
996 3192 1116 3267 magi-1

130 3277 254 3332 stratum
281 3272 422 3340 inierant,
451 3272 554 3350 hisque
577 3273 660 3348 ipsis,
695 3272 762 3350 quia
789 3273 859 3332 vitio
880 3273 971 3332 creati
994 3281 1087 3344 eraut,

131 3355 259 3435 quinque
271 3363 338 3434 post
354 3354 416 3416 dies
430 3352 478 3415 alii
495 3353 617 3414 suffecti.
656 3355 781 3418 lustrum
797 3355 947 3416 conditum
959 3374 994 3416 eo
1009 3374 1087 3418 auno

132 3446 175 3502 est
199 3458 215 3499 a
240 3438 288 3514 P..
301 3437 438 3500 Cornelio
457 3439 564 3500 Arvina
592 3439 623 3500 G.
645 3439 754 3500 Marcio
779 3438 878 3500 liutilo
903 3440 1118 3502 censoribusrt
