2546 3936
321 223 414 266 crass
427 225 471 267 11.
487 223 556 266 oar.
570 213 598 268 8.
615 202 655 286 [a.
668 207 704 268 0.
718 208 854 290 321320]
1005 217 1065 285 101

113 369 254 434 consultis
269 369 407 449 perlectis
422 368 458 429 de
479 388 550 448 pace
566 371 695 433 Caudina
715 373 907 447 rettulerunt:
929 387 958 438 et
970 377 1071 440 Publi·
1087 387 1102 438 2

111 455 183 526 lius,
199 473 290 533 penes
302 472 389 533 quem
400 454 494 514 fasces
506 462 603 516 erant:
630 501 649 525 „
658 456 720 525 dio,
734 458 783 537 Sp.
796 459 926 522 Postumi
936 471 954 494 “
964 463 1071 542 inquit.

112 541 162 619 qui
177 538 228 599 ubi
238 538 381 606 surrexit,
406 537 509 598 eodem
523 537 573 598 illo
588 539 682 612 vultu,
704 560 764 621 quo
777 542 832 604 sub
849 545 949 622 iugum
965 548 1073 608 missus

112 630 190 684 erat:
212 669 229 694 „
238 621 315 681 haud
327 639 391 680 sum
401 622 521 699 ignarus
529 630 546 654 ‘⁴
564 624 674 702 iuquit,
690 625 868 696 „oonsules,·
882 629 1099 706 ignominiae,3

112 725 173 767 non
184 706 306 766 honoris
318 723 404 765 causa
416 723 463 764 me
474 708 602 785 primum
612 709 769 770 excitatum
781 711 950 791 iussumque
961 712 1068 784 dicero,

112 808 173 850 non
189 797 337 868 tamquam
349 796 532 859 senatorem,
548 790 599 851 sed
615 799 764 871 tamquam
775 812 861 855 reum
873 814 931 874 qua
944 795 1070 858 infelicis

112 873 183 934 belli
195 891 250 952 qua
266 874 477 951 ignominiosae
491 875 581 952 pacis.
604 893 659 952 ego
673 884 780 948 tamen,
797 879 913 958 quando
924 897 1020 958 neque
1032 880 1095 941 det

112 976 189 1019 noxa
204 964 304 1018 nostra
317 974 412 1036 neque
425 956 461 1016 de
475 975 570 1036 poena
583 959 751 1031 rettulistis,
767 964 876 1023 omissa
887 962 1067 1035 defensione,

112 1059 186 1121 quae
201 1058 260 1100 non
276 1039 446 1100 diliicillima
462 1049 539 1101 esset
551 1042 628 1121 apud
644 1043 721 1105 haud
743 1046 864 1123 ignaros
883 1047 1069 1110 fortunarum

111 1127 306 1188 humanarum
328 1125 617 1204 necessitatiumque,
643 1129 819 1189 sententiam
836 1130 873 1190 de
889 1148 939 1201 eo,
960 1130 997 1192 de
1010 1149 1068 1210 quo

111 1207 277 1278 rettulistis,
294 1209 395 1288 paucis
407 1227 555 1287 peragam.
584 1227 658 1288 quae
673 1215 817 1273 sententia
830 1215 913 1274 testis
928 1216 998 1284 erit,
1013 1218 1068 1274 ml·

111 1293 181 1353 hine
199 1311 235 1353 an
250 1290 413 1370 legionibus
431 1295 536 1352 vestris
550 1295 750 1371 pepercerim,
773 1313 840 1356 cum
856 1315 903 1358 me
923 1315 974 1358 seu
990 1299 1069 1376 turpi

111 1395 162 1437 sen
175 1377 339 1436 necessaria
350 1377 507 1454 sponsione
519 1375 677 1446 obstrinxi3
692 1397 750 1458 qua
764 1386 878 1451 tamen,
891 1379 1009 1458 quando
1023 1382 1097 1441 inb

111 1462 192 1521 tussu
207 1459 306 1539 pupuli
320 1460 394 1519 lacta
413 1468 470 1538 est,
486 1467 678 1521 nontenetur
693 1461 818 1541 populus
834 1463 996 1534 Romanus,
1013 1481 1069 1524 nec

112 1546 267 1623 quicquam
275 1562 310 1603 ex
323 1563 355 1602 ea
366 1552 572 1622 praeterquam
583 1563 708 1623 corpora
720 1555 820 1606 nostra
833 1545 978 1608 debentur
984 1547 1068 1607 Sam·

111 1626 231 1688 nitibus.
261 1625 402 1687 dedamur
416 1645 471 1706 per
486 1627 599 1688 fetiales
614 1629 686 1688 nudi
702 1631 863 1710 vinctique;
886 1629 1096 1691 exsolvamusd

111 1711 253 1789 religione
270 1709 424 1792 populum,
441 1713 537 1790 siqua
554 1711 759 1790 obligavimus,
775 1712 894 1793 nequid
910 1714 1000 1774 divini
1014 1714 1069 1774 hu·

111 1796 225 1856 manino
248 1793 356 1863 obstet,
390 1797 563 1872 quominus
591 1798 700 1857 iustum
728 1799 867 1876 piumque
890 1798 926 1857 de
952 1800 1069 1875 integro

110 1881 227 1938 ineatur
248 1876 367 1938 bellum.
397 1879 510 1938 interea
533 1879 668 1940 consules
689 1882 850 1941 exercitum
870 1880 1002 1940 scribere
1022 1886 1096 1940 ar·7

111 1979 194 2023 mare
206 1961 332 2021 educere
343 1962 448 2041 placet,
462 1981 517 2022 nec
528 1964 610 2041 prius
621 1963 736 2041 ingredi
747 1963 874 2025 hostium
886 1964 969 2034 flues,
982 1982 1069 2042 quam

112 2046 210 2106 omnia
231 2046 306 2105 iusta
326 2048 356 2105 in
373 2045 551 2106 deditionem
573 2057 703 2106 nostram
728 2048 859 2126 perlecta
881 2055 976 2107 erunt.
1009 2052 1099 2118 vost

112 2129 153 2189 dii
166 2127 351 2200 inmortales,
367 2147 474 2207 precor
486 2148 667 2208 quaesoque,
693 2131 719 2188 si
736 2130 817 2190 vobis
832 2148 891 2190 non
916 2131 970 2190 luit
988 2130 1070 2192 cordi

112 2215 162 2292 Sp.
175 2212 356 2273 Postumium
368 2213 401 2274 Τ.
415 2213 565 2273 Veturium
578 2211 712 2274 consules
727 2231 794 2273 cum
806 2212 985 2274 Samnitibus
1000 2231 1070 2291 pro·

112 2313 199 2376 spere
217 2295 328 2356 bellum
347 2314 466 2374 gerere,
484 2304 513 2356 at
527 2315 577 2355 vos
593 2298 664 2357 satis
679 2294 810 2356 babeatis
826 2295 932 2356 vidisse
947 2314 1001 2357 nos
1016 2295 1098 2356 subo

113 2382 213 2458 iugum
229 2381 347 2451 missos,
370 2381 475 2440 vidisse
490 2382 648 2459 sponsione
668 2379 772 2439 inlami
788 2378 946 2457 obligatos,
969 2379 1071 2439 ridere

112 2463 208 2524 nudos
224 2465 393 2543 vinctosque
414 2464 546 2525 hostibus
565 2463 693 2534 deditos,
717 2481 836 2524 omnem
851 2465 925 2523 iram
942 2462 1071 2523 bostium

112 2548 222 2606 nostris
238 2547 380 2626 capitibus
396 2549 593 2627 excipientes;
618 2566 708 2608 novos
724 2546 860 2608 consules
880 2545 1069 2625 legionesque
1079 2551 1113 2602 10

113 2630 260 2690 Romanas
273 2633 313 2691 lta
328 2649 395 2691 cum
409 2632 539 2692 Samnite
555 2650 658 2708 gerere
673 2630 783 2692 bellum
798 2631 906 2700 velitis,
926 2637 958 2691 ut
972 2631 1071 2690 omnia

114 2721 182 2774 ante
196 2731 251 2774 nos
266 2713 401 2774 consules
414 2713 491 2774 bella
507 2723 587 2792 gesta
603 2723 701 2774 sunt.“
730 2733 804 2794 quae
818 2713 869 2776 ubi
887 2714 972 2786 dixit,
991 2720 1071 2772 tanta
1082 2719 1112 2770 11

113 2796 201 2857 simul
213 2797 365 2858 admiratio
374 2799 581 2876 miseratioque
592 2799 646 2856 riri
657 2799 777 2859 incessit
788 2799 931 2866 homines,
944 2796 1072 2858 utmodo

114 2881 161 2939 vix
175 2880 332 2942 crederent
348 2879 430 2941 illum
447 2880 572 2940 eundem
589 2899 651 2940 esse
666 2882 715 2961 Sp.
731 2883 926 2952 Postumium,
943 2883 993 2960 qul
1004 2899 1072 2940 auc·

114 2970 162 3021 tor
176 2970 236 3021 tam
252 2964 353 3024 foedae
366 2966 446 3042 pacis
463 2965 579 3034 luisset,
596 2965 683 3024 modo
694 2969 920 3034 miserarentur,
938 2963 1016 3043 quod
1028 2965 1115 3022 vir12

115 3042 181 3104 talis
197 3047 283 3104 etiam
306 3049 497 3126 praecipuum
519 3049 596 3127 apud
618 3048 717 3108 hostes
736 3048 911 3128 supplicium
933 3063 1073 3125 passurus

115 3137 194 3188 esset
209 3127 247 3187 ob
260 3129 334 3189 iram
347 3130 508 3210 diremptae
523 3133 612 3210 pacis.

176 3211 248 3275 Cum
263 3231 365 3274 omnes
380 3213 513 3276 laudibus
527 3214 615 3276 modo
630 3223 842 3292 prosequentes
855 3215 949 3272 vnum
963 3213 993 3270 in
1005 3228 1072 3271 sen·
1083 3218 1116 3269 ta

114 3299 236 3358 tentiam
253 3298 315 3358 eius
331 3298 455 3378 pedibus
466 3301 563 3372 ¹irent,
581 3305 719 3375 temptata
737 3295 887 3376 paulisper
900 3295 1073 3355 intercessio

114 3388 159 3442 est
176 3380 212 3441 ab
228 3381 260 3441 L.
278 3381 359 3442 Livio
376 3393 406 3442 et
419 3384 453 3453 Q.
468 3381 572 3442 Metello
587 3380 713 3441 tribunis
728 3379 835 3460 plebis,
850 3380 900 3458 qui
914 3395 1009 3457 neque
1022 3395 1071 3439 ex·
1084 3385 1117 3437 14

113 3463 187 3526 soln'
202 3463 346 3544 religione
360 3464 501 3544 populum
517 3464 635 3525 aiebant
647 3465 795 3525 deditione
809 3482 875 3534 sua,
899 3464 956 3524 nisi
978 3465 1076 3524 omnia
