2538 3946
194 192 257 254 192
396 206 490 246 nonne
503 207 532 246 x.
550 204 618 246 cnr.
633 189 676 245 39.
692 191 736 246 40.
748 181 789 266 [a.
804 209 835 248 u.
850 209 876 249 c.
892 186 953 270 461]

196 353 285 414 fando
306 370 391 412 sacro
411 353 500 412 mixta
522 351 674 412 hominum
695 351 901 432 pecudumque
923 353 1013 414 caede
1036 373 1152 436 resper-

195 457 258 507 sus,
280 437 401 515 ancipiti
416 435 503 496 deum
521 436 583 496 irae
599 433 734 507 deretur,
754 436 825 497 hinc
843 436 997 498 foederum
1013 455 1080 498 cnm
1096 439 1150 500 lio·

152 521 291 582 ltmanis
314 522 441 580 ictorum
465 527 555 579 testes
575 518 661 590 deos,
687 519 757 580 hinc
777 521 850 582 iuris
875 521 991 581 iurandi
1015 521 1151 584 adversus

194 603 315 664 foedera
337 604 466 681 suscepti
488 605 689 664 execrationes
708 603 850 672 horrens,
878 605 986 664 invitus
1004 605 1149 676 iuraverit,

194 689 290 748 oderit
300 696 532 755 sacramentum,
544 705 603 746 uno
615 693 748 767 tempore
759 686 830 748 deos
842 688 919 747 cives
930 688 1021 749 hostis
1032 697 1149 750 metuat.

168 782 180 830 t
254 772 313 834 XL.
349 772 429 832 llaec
454 776 594 849 conperta
622 769 811 848 perfugarum
842 771 958 831 indiciis
982 790 1048 832 cnm
1075 791 1144 851 apu

194 855 324 916 infensos
337 857 397 916 iam
409 873 459 914 sua
476 867 579 933 sponte
594 852 702 914 milites
716 853 916 923 disseruisset,
938 855 1024 916 simul
1039 855 1151 916 divinae

193 941 397 1018 humanaeque
423 940 486 1017 spei
506 938 587 1018 pleni
603 935 730 997 clamore
747 939 943 998 consentienti
956 957 1084 1017 pugnam
1100 959 1151 1018 po·

194 1033 295 1090 scunt;
315 1024 445 1102 paenitet
461 1023 492 1080 in
507 1029 659 1099 posterum
673 1019 751 1080 diem
767 1021 888 1084 dilatum
904 1030 1068 1090 certamem
1090 1041 1152 1082 mou

163 1117 256 1166 tram
270 1107 327 1166 diei
340 1108 491 1184 noctisque
501 1105 636 1166 oderunt.
664 1106 751 1166 tertia
762 1103 858 1182 vigilia
871 1107 965 1164 noctis
979 1108 1037 1166 iam
1052 1104 1152 1166 relatis

193 1190 299 1251 litteris
320 1208 337 1250 a
358 1189 471 1266 collega
485 1189 620 1265 Papirius
646 1187 762 1250 silentio
783 1190 878 1266 surgit
896 1196 925 1248 et
945 1188 1101 1267 pullarium
1121 1191 1151 1249 in

164 1276 355 1353 aauspicium
376 1275 475 1334 mittit.
506 1272 619 1333 nullum
634 1279 698 1334 erat
719 1290 813 1350 genus
833 1273 986 1334 hominum
1002 1274 1031 1332 in
1050 1274 1152 1352 castris
1258 1264 1265 1277 ”

191 1360 335 1420 intactum
353 1357 512 1436 cupiditate
533 1374 665 1434 pugnae,
694 1358 802 1419 summi
821 1357 972 1434 infimique
994 1373 1085 1435 aeque
1107 1357 1151 1416 in·
1255 1379 1262 1394 ν

193 1444 265 1502 tenti
280 1450 380 1510 crant;
405 1441 463 1500 dux
478 1439 617 1510 militum,
639 1439 724 1502 miles
740 1440 821 1501 ducis
838 1440 975 1502 ardorem
993 1438 1152 1518 spectabat.

166 1528 219 1585 tis
231 1526 320 1586 ardor
331 1526 462 1587 omnium
473 1526 561 1584 etiam
574 1522 609 1584 ad
622 1541 686 1594 eos,
698 1525 749 1602 qui
756 1525 885 1602 auspicio
895 1526 1075 1594 intererant,
1085 1541 1152 1602 per·

190 1611 280 1668 venit.
310 1627 377 1668 nam
391 1626 457 1667 cum
470 1607 543 1685 pulli
552 1625 613 1666 non
624 1615 825 1685 pascerentur,
837 1607 980 1684 pullarius
992 1608 1152 1686 auspicium

162 1701 178 1752 5
191 1692 309 1752 mentiri
319 1708 406 1751 ausus
418 1691 578 1767 tripudium
590 1689 764 1750 solistimum
776 1689 889 1750 consuli
901 1693 1052 1750 nuntiavit.
1083 1709 1153 1750 con·
1186 1719 1188 1724 ·

192 1774 238 1836 sul
252 1774 345 1834 laetus
361 1774 523 1851 auspicium
540 1774 691 1850 egregium
704 1791 768 1834 esse
781 1780 813 1834 et
828 1773 891 1834 deis
905 1773 1075 1834 auctoribus
1087 1791 1153 1833 rem

163 1866 327 1936 dgestoros
338 1857 522 1936 pronuntiat,
538 1856 713 1935 signumque
729 1873 846 1934 pugnae
860 1857 1008 1935 proponit.
1036 1856 1155 1916 exeunti

190 1944 249 2003 iam
266 1941 342 2002 forte
360 1941 391 2001 in
403 1943 494 2002 aciem
508 1941 623 2000 nuntiat
637 1941 760 2018 perfuga
772 1941 874 2018 viginti
890 1941 1026 2000 cohortes
1039 1941 1153 2000 Samni-

191 2029 266 2087 tium
283 2059 321 2072 —
344 2024 607 2104 quadringenariae
626 2024 720 2085 ferme
741 2031 826 2085 erant
843 2059 887 2072 --
900 2023 1064 2084 Cominium
1083 2040 1153 2101 pro-

191 2112 292 2170 lectas.
313 2109 391 2188 quod
401 2127 437 2168 ne
448 2111 601 2186 ignoraret
608 2106 729 2186 collega,
743 2106 889 2186 extemplo
901 2108 1037 2166 nuntium
1049 2107 1153 2174 mittit;

191 2195 255 2272 ipse
270 2193 353 2270 signa
370 2194 452 2252 ocius
467 2192 596 2271 proferri
613 2191 709 2262 inbet;
731 2191 917 2272 subsidiaque
939 2191 999 2254 suis
1017 2207 1154 2269 quaeque
1177 2202 1185 2218 ⁶

160 2273 311 2338 tlocisef
323 2275 489 2355 praefectos
504 2275 643 2338 subsidiis
664 2275 853 2338 adtribuerat.
886 2275 989 2336 dextro
1012 2291 1104 2336 cornu
1120 2273 1153 2334 L.

192 2361 393 2430 Volumnium,
411 2361 529 2419 sinistro
541 2361 574 2420 L.
589 2360 772 2440 Scipionem,
789 2359 936 2440 equitibus
949 2359 1062 2436 legatos
1072 2356 1153 2426 alios,

159 2444 224 2505 SC.
241 2444 408 2506 Caedicium
430 2450 459 2504 et
485 2444 516 2504 T.
536 2443 733 2516 Trebonium,
754 2445 907 2524 praefecit.
948 2443 1000 2521 Sp.
1016 2441 1154 2503 Nautium

192 2527 287 2590 midos
309 2527 447 2587 detractis
468 2524 583 2587 clitellis
605 2545 672 2588 cum
694 2528 904 2590 *cohortibus
926 2525 1024 2588 alariis
1051 2527 1082 2586 in
1108 2535 1154 2586 tu·

192 2611 304 2672 mulum
315 2617 506 2689 conspectum
520 2628 648 2688 propere
660 2611 881 2674 circumducere
893 2609 975 2671 fobet
986 2617 1072 2688 atquc
1085 2609 1155 2670 inde

191 2698 269 2755 inter
282 2697 377 2773 ipsam
390 2695 608 2756 dimicationem
620 2701 729 2773 quanto
744 2697 870 2756 manime
883 2701 984 2773 posset
994 2699 1074 2754 moto
1089 2689 1155 2769 pul-

160 2785 180 2837 a
193 2795 260 2838 vere
276 2778 443 2836 ostendere.
474 2777 543 2838 dum
559 2779 605 2840 bis
618 2779 748 2838 intentus
763 2780 925 2856 imperator
937 2783 1013 2846 erat,
1030 2773 1155 2834 alterca-

193 2862 235 2919 tio
257 2861 335 2919 inter
357 2859 497 2936 pullarios
518 2868 582 2921 orta
605 2861 641 2921 de
663 2863 792 2940 auspicio
806 2864 869 2921 eius
886 2861 945 2920 diei
962 2857 1155 2938 exauditaque

193 2943 230 3006 ab
255 2941 402 3022 equitibus
423 2942 578 3013 Romanis,
604 2945 654 3022 qni
681 2962 745 3004 rem
770 2944 848 3004 haud
875 2942 1071 3022 spernendam
1096 2943 1155 3004 rati

194 3029 245 3108 Sp.
263 3027 398 3106 Papirio,
422 3025 522 3086 fratris
536 3025 595 3086 filio
612 3025 755 3098 consulis,
779 3027 888 3106 ambigi
910 3028 947 3088 de
961 3029 1089 3107 auspicio
1105 3044 1152 3088 re·

147 3114 413 3174 tonantiorerunt.
458 3111 571 3170 iuvenis
590 3119 657 3172 ante
679 3111 844 3173 doctrinam
865 3113 936 3172 deos
962 3122 1151 3192 spernentem

194 3207 279 3260 natus
293 3215 358 3257 rem
377 3195 561 3274 inquisitam,
585 3195 708 3276 nequid
732 3197 939 3274 inconpertum
952 3197 1094 3262 deferret,
1115 3191 1151 3252 ad

148 3287 183 3338 11
194 3281 344 3342 consulem
361 3279 473 3340 detulit.
502 3281 549 3340 cui
565 3279 629 3340 ille:
645 3288 702 3353 „tu
720 3279 839 3360 quidem
854 3290 948 3340 macte
964 3282 1069 3338 virtute
1086 3275 1151 3334 dili-

195 3367 350 3443 geotiaque
367 3365 442 3424 estol
465 3371 596 3427 ceterum
613 3366 665 3443 qui
689 3365 818 3442 auspicio
838 3364 935 3433 adest,
960 3363 985 3419 si
1001 3358 1070 3436 quid
1085 3355 1152 3416 falsi

193 3448 323 3516 nuntiat,
338 3448 368 3505 in
384 3453 478 3508 semet
491 3449 585 3526 ipsum
605 3447 776 3525 religionem
792 3447 911 3525 recipit:
937 3443 1009 3504 milri
1032 3441 1151 3518 quidem
