2542 3956
286 229 380 270 crura
393 230 470 271 xx11.
487 229 554 272 one.
565 216 610 271 30.
626 218 669 272 31.
686 211 725 292 [a.
743 213 777 276 0.
791 211 852 294 217]
988 219 1053 283 289

87 377 251 447 servaturi,
271 378 309 437 sit
324 374 407 446 ielix,
422 376 477 437 sub
492 378 649 457 imperium
666 380 886 458 auspiciumque
903 390 983 454 tuum
1000 399 1049 440 re·

89 461 149 522 deo
165 468 195 521 et
208 462 292 539 signa
311 460 385 520 baec
397 458 588 540 legionesque
606 463 739 524 restituo.
779 471 827 532 tu,
849 482 971 541 quaeso,
989 463 1080 542 pla-5

89 552 175 606 catus
185 562 234 604 me
248 544 450 622 magisterium
465 546 611 624 equitum,
627 545 682 604 hos
693 545 811 606 ordines
825 563 894 607 suos
905 565 1051 626 quemque

88 637 197 690 tenere
207 627 341 689 iubeas.“
370 633 432 688 tum
448 627 568 688 dextrae
589 629 785 692 interiunctae
800 630 965 710 militesque
981 637 1080 692 con-u

88 714 173 772 tione
184 711 303 773 dimissa
319 709 355 771 ab
366 713 443 771 notis
454 713 620 791 ignotisque
632 712 760 790 benigne
769 721 856 792 atque
868 712 1051 792 hospitaliter

88 797 222 866 inritati,
243 794 396 873 laetusque
421 795 484 855 dies
507 814 544 857 ex
559 796 716 858 admodum
734 799 809 857 tristi
826 795 913 876 paulo
932 806 1000 858 ante
1017 815 1066 858 ac.
1115 834 1126 852 ι

88 896 187 958 prope
209 877 368 940 execrabili
383 879 486 940 factus.
516 879 640 950 Romae,
661 890 694 940 ut
715 888 760 942 est
779 880 890 958 perlata
911 881 988 941 lama
1007 883 1079 942 rein
1096 879 1152 976 lq
1169 884 1172 905 ¹

91 965 206 1040 gestae,
223 963 292 1022 dein
303 962 409 1023 litteris
419 981 479 1023 non
488 965 583 1040 magis
596 964 728 1043 ipsorum
739 965 950 1043 imperatorum
963 983 1051 1043 quam
1109 977 1113 997 ¹
1221 993 1223 1000 ·

89 1045 177 1123 volgo
193 1045 319 1107 militum
336 1064 371 1107 ex
386 1053 512 1126 unoque
527 1047 658 1108 exercitu
674 1047 838 1116 adfirmata,
855 1066 910 1128 pro
926 1065 957 1108 se
972 1049 1051 1127 quis·

89 1147 149 1208 que
162 1130 320 1192 Maximum
332 1127 468 1192 laudibus
484 1130 521 1190 ad
543 1129 655 1190 caelum
675 1131 763 1192 ierre.
798 1149 853 1211 par
868 1131 960 1210 gloria
975 1131 1081 1208 apnd8

88 1212 283 1274 Hannibalem
308 1214 459 1292 hostisque
479 1214 595 1274 Poenus
617 1221 696 1282 erat;
713 1233 746 1275 ac
769 1222 832 1276 tum
851 1215 970 1276 demum
984 1233 1050 1276 seu·

89 1299 148 1356 tire
158 1315 226 1357 cum
242 1297 480 1376 Romanisatque
495 1296 618 1358 initalia
632 1296 741 1358 bellum
757 1317 835 1368 esse;
852 1316 921 1360 nam
931 1298 1080 1359 biennius

90 1386 160 1441 ante
176 1380 249 1440 adeo
265 1388 294 1441 et
308 1379 398 1440 duces
413 1381 561 1440 Romanos
575 1387 605 1442 et
625 1380 734 1442 milites
749 1389 935 1460 spreverant,
956 1384 1051 1444 utrix

90 1481 160 1524 cum
175 1462 278 1524 eadem
293 1471 381 1541 geute
395 1462 504 1525 bellum
520 1481 584 1524 esse
599 1464 770 1536 crederent,
788 1468 871 1528 cuius
887 1464 1051 1527 terribilem

89 1565 157 1608 eam
175 1547 318 1607 iamama
341 1546 474 1627 patribus
495 1549 686 1628 accepissent.
717 1549 910 1612 Hannibalem
933 1555 1100 1629 quoquere

90 1649 128 1692 ex
151 1633 216 1692 acie
236 1631 410 1693 redeuntem
438 1631 545 1693 dixisse
567 1632 681 1703 ierunt,
706 1632 824 1694 taudem
845 1651 909 1694 eam
931 1631 1050 1701 nubem,

89 1732 167 1794 quae
181 1714 285 1775 sedere
300 1717 332 1776 in
346 1717 422 1793 iugis
436 1717 581 1776 montium
598 1714 683 1778 solita
700 1718 752 1789 sit,
771 1737 837 1778 cum
852 1715 982 1798 procella
996 1718 1051 1776 im·

87 1797 176 1860 brem
191 1799 398 1879 dedisses

153 1882 254 1944 XXXl.
285 1883 361 1949 Dum
370 1882 445 1944 haec
459 1891 604 1962 geruntur
615 1886 646 1944 in
661 1883 760 1954 ltalia,
773 1885 826 1956 Cn.
844 1885 984 1946 Servilius
996 1884 1052 1946 Ge-
1066 1891 1079 1940 1

92 1966 1052 2042 miuusconsulcumclasseccutumue'pe’rttinaviumcircumvectus

92 2050 246 2112 Sardiniae
261 2059 291 2112 et
304 2052 441 2113 Corsicae
455 2070 539 2112 oram
554 2058 585 2112 et
595 2050 747 2111 obsidibus
762 2051 910 2129 utrimque
921 2052 1050 2129 acceptis

90 2136 121 2194 in
138 2133 266 2194 Africam
280 2136 442 2194 transmisit
452 2142 495 2204 et,
509 2136 681 2213 priusquam
692 2135 723 2192 iu
735 2135 933 2195 coutinentem
950 2142 1081 2194 escen-2

87 2217 203 2276 sionem
228 2217 355 2287 iaceret,
376 2217 492 2294 Menige
512 2215 608 2278 insula
626 2223 734 2277 vastata
758 2216 838 2277 etab
855 2216 1052 2278 incolentibus

90 2301 261 2369 Cercinam,
284 2317 322 2360 ne
345 2306 375 2359 et
396 2301 528 2378 ipsorum
550 2308 687 2361 ureretur
709 2300 946 2380 diripereturque
971 2318 1051 2378 ager,

89 2383 195 2444 decem
212 2381 329 2443 talentis
350 2385 464 2461 argenti
484 2386 613 2464 acceptis
634 2384 671 2445 ad
691 2382 778 2444 litora
797 2383 913 2444 diricae
929 2385 1053 2445 accessit

90 2467 250 2546 copiasque
276 2469 420 2546 exposuit.
462 2467 595 2528 indeed
621 2466 823 2547 populandum
844 2485 947 2546 agrum
969 2466 1077 2529 ductia

89 2548 199 2612 milites
218 2549 394 2631 navalesque
413 2551 485 2612 socii
504 2553 584 2613 iuxta
605 2551 690 2613 effusi
720 2569 754 2613 ac
775 2553 801 2614 si
820 2555 852 2612 iu
872 2549 975 2612 insulis
989 2548 1050 2610 cul·

90 2641 190 2695 torum
206 2632 360 2712 egentibus
375 2635 600 2714 praedarentur.
634 2637 734 2716 itaque
753 2637 785 2696 in
802 2637 923 2696 insidias
938 2642 1078 2696 temeret

89 2717 173 2777 inlati
188 2737 256 2779 cum
276 2737 292 2778 a
313 2718 517 2800 frequentibus
538 2719 671 2798 palantes
691 2727 721 2780 et
741 2721 836 2798 ignari
857 2718 894 2779 ab
917 2718 1050 2780 locorum

90 2803 190 2880 gnaris
205 2804 502 2873 circumvenirentur,
525 2821 592 2864 cum
613 2802 704 2865 multa
725 2803 814 2864 caede
831 2822 865 2864 ac
879 2802 965 2864 ioeda
983 2802 1051 2880 luga

89 2894 172 2947 retro
189 2887 226 2946 ad
241 2905 330 2949 naves
345 2886 481 2967 conpulsi
496 2895 574 2950 sunt.
603 2887 639 2948 ad
653 2887 734 2948 mille
751 2887 919 2958 hominnm,
935 2906 1002 2948 cum
1017 2887 1080 2946 iisa

90 2968 267 3046 Sempronio
288 2971 393 3032 Blaeso
415 2979 571 3050 quaestore
592 2973 714 3044 amisso,
739 2971 841 3032 classis
861 2970 898 3031 ab
915 2969 1051 3031 litoribus

90 3052 220 3112 hostium
239 3051 335 3131 plenis
357 3054 471 3133 trepide
491 3055 586 3116 soluta
604 3059 636 3114 in
657 3055 785 3116 Siciliam
809 3073 927 3116 cursum
947 3053 1050 3121 tenuit,

92 3134 258 3213 traditaque
272 3135 401 3213 Lilybaei
415 3137 449 3197 T.
467 3136 590 3197 Otacilio
612 3140 757 3217 praetori,
780 3145 812 3196 ut
826 3137 863 3194 ab
878 3135 975 3212 legato
991 3135 1083 3195 eiusb

91 3219 124 3279 P.
139 3219 214 3280 Sura
232 3218 356 3279 Romam
373 3218 575 3280 reduceretur.
616 3222 680 3298 ipse
702 3237 756 3298 per
778 3218 907 3279 Siciliam
926 3217 1079 3298 pedibus?

91 3301 242 3381 proiectus
256 3301 335 3371 freto·
347 3303 379 3361 in
396 3301 508 3363 ltaliam
526 3303 654 3374 traiecit,
669 3302 775 3363 litteris
789 3301 823 3373 Q.
841 3300 925 3362 Fabii
940 3303 1050 3362 accitus

93 3393 122 3446 et
141 3387 205 3464 ipse
227 3395 256 3448 et
276 3385 397 3464 conlega
416 3387 479 3446 eius
493 3387 530 3448 M.
549 3385 667 3454 Atilius,
688 3394 721 3447 ut
736 3387 881 3446 exercitus
900 3383 936 3444 ab
954 3403 986 3444 se
1000 3402 1054 3446 ex·

93 3477 157 3530 acto
171 3473 229 3532 iam
245 3489 339 3550 prope
350 3471 485 3531 semestri
500 3472 624 3551 imperio
639 3472 816 3550 acciperent.

135 3587 239 3624 n.r.1v1
258 3587 326 3622 raus
345 3587 379 3624 11.
806 3559 844 3620 19
