2546 3936
306 211 400 255 amun
412 213 457 254 11.
480 211 548 256 car.
566 200 608 252 37.
623 199 668 254 38.
687 191 726 274 [a.
744 194 779 256 d.
793 192 855 277 310]
1002 199 1064 264 135

101 364 194 432 ades,
215 359 346 422 delectae
361 359 500 421 cohortes
520 359 557 420 ad
577 367 731 439 portarum
747 362 841 421 exitus
860 361 1063 424 conlocantur.

102 447 172 508 dato
184 446 291 506 deinde
305 446 390 522 signo
404 443 492 524 paulo
508 451 576 504 aute
599 443 710 514 lucem,
732 444 811 522 quod
830 447 946 505 aestivis
968 447 1092 507 nocti-tt

101 530 157 594 bus
168 530 281 608 sopitae
293 529 419 588 maxime
452 529 558 606 quietis
573 535 688 606 tempus
699 537 757 599 est,
773 537 897 607 proruto
908 528 983 589 vallo
995 548 1063 591 eru-

102 616 147 693 pit
159 615 253 680 acies,
280 610 386 674 str'atos
409 613 518 690 passim
540 611 651 672 invadit
664 612 779 681 hostem
800 610 873 672 alios
893 611 1060 684 inmobiles,

103 697 176 758 alios
192 697 387 756 semisomnos
401 697 433 755 iu
449 693 594 756 cubilibus
616 696 691 766 suis,
716 697 873 756 maximam
896 704 1011 774 partem
1026 694 1064 756 ad

102 798 186 843 arma
200 779 382 858 trepidantes
397 778 503 840 caedes
517 779 679 858 oppressit;
701 780 802 858 paucis
816 779 951 840 armandi
964 797 996 838 se
1011 778 1063 840 da·

101 872 166 926 tum
183 865 308 942 spatium
323 869 380 924 est:
410 879 461 924 eos
478 865 557 942 ipsos
573 880 634 923 nou
647 864 764 940 signum
779 870 910 933 certum,
931 881 990 923 non
1007 862 1059 923 du·
1072 868 1107 921 10

103 967 169 1009 cem
189 954 346 1026 sequentes
362 945 459 1008 fundit
482 947 646 1016 Romanus,
668 945 843 1024 fugatosque
864 948 1062 1025 persequitur.

102 1031 141 1093 ad
155 1038 265 1102 castra,
282 1031 318 1092 ad
330 1029 416 1093 silvas
431 1029 538 1090 diversi
554 1029 722 1092 tendebant
748 1028 837 1090 silvae
852 1031 942 1090 tutius
954 1029 1063 1091 dedere

102 1115 266 1193 refugium,
282 1132 351 1175 uam
369 1122 465 1175 castra
477 1116 509 1173 iu
523 1115 634 1192 campis
648 1114 703 1173 sita
713 1111 817 1174 eodem
832 1112 879 1173 die
896 1116 1063 1193 capiuntur.

102 1217 207 1260 aurum
229 1203 443 1276 argentumque
463 1199 575 1259 iussum
593 1196 701 1258 referri
715 1195 752 1256 ad
773 1191 941 1267 cons'ulem,
962 1207 1064 1258 cetera

101 1282 213 1362 praeda
227 1280 329 1342 militis
348 1281 412 1342 fuit.
442 1298 527 1342 caesa
545 1287 596 1340 aut
610 1286 695 1358 capta
713 1297 748 1340 eo
768 1279 816 1340 die
834 1279 964 1341 hostium
980 1279 1061 1340 milia
1072 1286 1103 1340 11

103 1365 141 1427 ad
159 1366 318 1442 sexaginta.
354 1382 418 1426 eam
440 1371 500 1425 tam
521 1363 631 1424 claram
651 1379 779 1440 pugnam
802 1368 884 1422 trans
903 1360 1063 1424 Ciminiam

102 1448 204 1510 silvam
218 1448 255 1509 ad
265 1448 416 1508 Perusiam
430 1452 589 1526 pugnatam
600 1445 719 1526 quidam
741 1452 877 1506 auctores
893 1454 976 1516 sunt,
997 1464 1060 1505 me·

102 1539 195 1610 tuque
209 1534 240 1592 iu
253 1549 361 1610 magno
377 1533 522 1593 cidtatsm
545 1529 650 1597 fuisse,
668 1547 706 1591 ne
727 1529 903 1590 interclusus
917 1531 1064 1590 exercitus

103 1623 166 1678 tam
187 1614 294 1677 infesto
315 1613 391 1676 saltu
413 1616 523 1676 coortis
542 1614 672 1694 undique
694 1615 797 1674 Tuscis
812 1612 989 1693 Umbrisque
1010 1631 1063 1694 op·

103 1699 290 1779 primeretur.
326 1697 377 1760 sed
399 1698 577 1778 ubicumque
599 1707 761 1778 pugnatum
781 1706 840 1768 est,
860 1715 909 1758 res
930 1697 1061 1759 Romana
1073 1701 1105 1754 tr

103 1785 239 1862 superior
253 1783 316 1844 fuit.
346 1783 443 1862 itaque
457 1783 607 1844 aPerusia
620 1790 650 1844 et
661 1784 788 1845 Cortona
803 1789 833 1843 et
841 1783 974 1850 Arretio,
988 1799 1063 1861 quae

102 1867 198 1928 ferme
215 1867 309 1945 capita
323 1865 458 1928 Etruriae
472 1865 649 1945 populorum
665 1885 699 1926 ea
714 1873 887 1943 tempestate
901 1874 999 1936 erant,
1020 1864 1062 1925 le·

103 1951 165 2028 gati
188 1967 291 2029 pacem
314 1949 476 2028 foedusque
495 1947 533 2010 ab
556 1950 697 2010 liomauis
721 1955 855 2027 petentes
880 1950 1008 2008 indutias
1032 1949 1063 2008 in

102 2034 223 2112 triginta
237 2051 330 2094 anuos
344 2035 585 2112 impetraverunt.

165 2116 317 2179 XXXVlll.
344 2116 420 2176 Dum
434 2117 508 2176 haec
523 2116 556 2176 iu
566 2115 685 2176 Etruria
701 2124 859 2191 geruntur,
877 2111 979 2174 consul
991 2111 1091 2174 alteri

104 2200 135 2264 (l.
150 2201 278 2262 Marcius
292 2197 407 2258 Rutilus
427 2196 530 2260 Allifas
549 2197 587 2256 de
607 2196 788 2258 Samnitibus
806 2198 834 2257 vi
854 2198 941 2274 cepit.
971 2195 1064 2257 multa

103 2283 160 2349 alia
181 2279 300 2342 castella
320 2281 435 2358 vicique
460 2288 511 2341 aut
529 2279 626 2340 deleta
649 2279 796 2340 hostiliter
815 2287 867 2340 aut
888 2281 1004 2355 integra
1032 2281 1064 2340 lu

102 2370 279 2448 potestatem
293 2379 411 2428 venere.
441 2363 589 2442 peridem
604 2370 721 2440 tempus
736 2369 766 2422 et
780 2360 882 2422 classis
896 2361 1028 2422 Romana
1046 2369 1091 2422 aa

102 2451 137 2513 P.
154 2444 306 2516 Cornelio,
321 2463 410 2524 quem
422 2453 542 2508 senatus
555 2447 720 2507 maritimae
734 2463 804 2506 orae
818 2444 1018 2524 praefecerat,
1033 2447 1065 2505 in

103 2533 295 2610 Campaniam
310 2537 375 2591 acta
394 2549 462 2593 cum
484 2529 606 2610 adpulsa
623 2530 780 2609 Pompeios
792 2535 884 2597 esset,
907 2530 980 2588 socii
994 2527 1065 2589 inde

103 2615 265 2680 navalesad
273 2613 510 2694 depopulandum
517 2633 621 2694 agrum
628 2613 808 2676 Nucerinum
817 2612 952 2693 profecti,
964 2613 1065 2691 proxi-

103 2703 161 2764 mis
180 2700 289 2778 raptim
311 2701 442 2771 vastatis,
471 2699 551 2768 uude
570 2698 684 2760 reditus
706 2705 787 2759 tutus
806 2697 844 2758 ad
866 2714 955 2757 naves
977 2705 1063 2767 esset,

104 2782 268 2854 dulcedine,
279 2790 313 2844 ut
322 2783 362 2854 tit,
378 2782 632 2863 praedaelongius
642 2783 794 2861 progressi
805 2781 940 2842 excivere
954 2782 1064 2843 hostes.

103 2869 209 2950 palatis
223 2885 278 2947 per
292 2885 380 2946 agros
394 2886 482 2930 nemo
500 2865 602 2930 obrius
622 2866 691 2937 fuit,
713 2885 781 2928 cum
798 2866 952 2927 occidione
967 2865 1091 2927 occidit

102 2959 239 3034 possent;
261 2950 420 3014 redeuntes
440 2953 558 3030 agmine
579 2953 699 3014 incauto
720 2950 798 3012 haud
818 2950 923 3029 procul
942 2950 1065 3010 navibus

104 3037 236 3098 adsecuti
252 3043 383 3114 agrestes
397 3043 543 3098 exueruut
560 3035 685 3114 pracda,
707 3041 823 3113 partem
845 3036 933 3094 etiam
948 3032 1064 3094 occide·

103 3127 189 3188 runt;
216 3137 291 3198 quae
318 3120 463 3198 superfuit
487 3119 572 3181 caedi
599 3118 714 3197 trepida
737 3116 894 3178 multitudo
920 3116 956 3176 ad
977 3131 1066 3175 nares

104 3221 160 3266 cun
181 3201 244 3264 ulsa
260 3208 314 3262 cst.

161 3223 313 3348 f’rolectio
337 3286 372 3356 Q.
397 3284 481 3346 Fabii
507 3291 589 3348 trans
615 3283 771 3344 Ciminiam
794 3279 896 3342 silvam
923 3285 1094 3357 quantumi

104 3370 217 3432 Romae
234 3378 381 3431 terrorem
396 3368 522 3437 lecerat,
545 3373 606 3427 tam
621 3365 728 3426 laetam
742 3365 851 3425 famam
866 3365 898 3423 in
913 3363 1064 3424 Samnium

106 3452 144 3514 ad
156 3454 256 3516 hostes
271 3450 394 3522 tulerat,
417 3449 610 3512 interclusum
626 3449 793 3512 Romanum
807 3448 970 3510 exereitum
986 3444 1066 3510 obsi·
