2542 3956
318 220 412 262 amau
426 220 588 264 1111111,
605 211 647 266 24.
666 199 705 283 [a.
723 204 758 266 0.
775 203 837 286 217]
996 209 1060 273 283

92 377 170 430 tuno
188 368 335 428 exercitus
356 367 389 426 in
416 384 487 444 agro
502 367 633 428 Larinati
653 377 734 438 erat;
759 379 895 450 praeerat
913 371 1059 434 Minucius

92 452 238 530 magister
250 451 380 529 equitum
393 449 536 528 prolecto,
556 451 632 512 sicut
641 451 828 515 antedictum
840 462 892 526 est,
905 454 941 516 ad
952 455 1058 516 urbem

94 535 250 596 dictatore.
276 540 407 594 ceterum
423 539 533 604 castre,
549 551 625 613 quae
638 536 670 594 ln
685 543 785 598 moute
796 537 854 598 alto
867 557 901 598 ac
916 545 978 599 tuto
991 537 1086 599 locos

92 617 192 698 posita
206 616 337 688 fuerant,
351 618 410 676 lam
424 617 456 676 in
472 614 592 694 planum
609 615 797 690 deteruntur:
815 620 1058 700 agitabanturque

92 719 154 780 pro
169 702 290 778 ingenio
303 700 386 760 ducis
396 699 517 761 consilia
533 698 685 772 calidiora,
702 710 736 764 ut
745 704 872 784 impetus
887 712 938 765 aut
947 706 978 765 in
994 704 1059 765 lru·

93 791 279 844 mentatores
294 783 407 862 palatos
424 784 518 844 autin
531 791 626 845 castra
640 785 742 848 relicta
757 805 824 848 cum
839 786 895 848 leri
910 786 1057 868 praesidio

93 867 192 927 fieret.
227 885 282 928 nec
301 865 496 928 Hannibalem
516 867 620 932 leleHit
643 887 710 930 eum
733 870 806 931 duce
829 878 971 933 mutatam
993 877 1085 932 essee

92 949 169 1012 belli
183 951 326 1012 rationem
344 958 374 1012 et
387 951 515 1012 ferocius
529 970 616 1031 quam
629 950 790 1015 consultius
805 972 869 1014 rem
889 954 990 1016 hostes
1006 973 1056 1032 ge·

94 1041 205 1095 sturos.
234 1035 298 1113 ipse
313 1042 425 1106 autem,
443 1034 521 1114 quod
536 1035 656 1097 minime
672 1039 737 1115 quis
752 1033 901 1110 crederet,
920 1057 987 1099 cum
1002 1038 1085 1099 hoo

92 1119 151 1178 stis
166 1119 287 1197 propius
309 1125 401 1189 esset,
425 1119 543 1178 tertiam
562 1126 676 1199 partem
696 1119 822 1182 militum
846 1120 1057 1183 frumentatum

94 1199 210 1262 duabus
225 1203 256 1262 in
273 1204 376 1263 castris
390 1203 514 1263 retentis
526 1201 649 1272 dimisit;
666 1203 733 1264 dein
745 1213 840 1266 castra
856 1205 919 1283 ipsa
934 1207 1085 1285 propius5

93 1284 212 1346 hostem
231 1285 322 1346 movit
342 1284 400 1346 duo
428 1284 522 1362 ferme
544 1303 561 1345 a
581 1285 727 1347 Gereonio
753 1287 834 1348 milia
857 1289 889 1347 in
909 1287 1055 1350 tumulum
1091 1327 1109 1364 .

94 1366 175 1428 hosti
187 1375 386 1446 conspectum,
399 1349 585 1460 utsslrst'entum
598 1344 758 1431 sbiilefesse
769 1370 806 1431 ad
818 1370 1054 1442 frumentatores,

94 1451 123 1511 si
138 1468 196 1529 qua
210 1452 253 1510 ris
269 1451 369 1520 fieret,
386 1451 532 1512 tutandos.
561 1453 683 1532 propior
697 1454 766 1514 indo
781 1456 809 1514 ei
823 1463 910 1534 atque
924 1456 995 1534 ipsis
1010 1456 1085 1514 int

93 1536 213 1594 minens
239 1533 440 1596 Romanorum
462 1535 565 1596 castris
583 1535 714 1598 tumulus
736 1541 889 1616 apparuit;
910 1538 946 1598 ad
967 1556 1055 1617 quem

96 1616 289 1697 capiendum,
304 1619 330 1678 si
344 1615 410 1680 luce
423 1617 520 1698 palam
534 1621 641 1692 iretur,
665 1623 732 1699 quia
754 1620 831 1682 haud
853 1621 941 1682 dubie
963 1621 1056 1682 hostis

94 1699 232 1762 breviore
246 1703 291 1761 ria
305 1710 517 1780 praeventurus
534 1711 611 1774 erat,
628 1711 715 1770 nocte
731 1703 804 1766 clam
818 1706 900 1766 missi
912 1705 1056 1766 Numidae

96 1791 249 1862 ceperunt.
283 1785 505 1861 quostenentis
523 1785 620 1848 locum
642 1794 810 1868 contempta
827 1789 974 1866 paucitate
996 1787 1083 1848 lio-7

95 1867 177 1932 mani
195 1875 314 1946 postero
331 1867 378 1930 die
394 1887 461 1930 cnm
478 1869 665 1940 deiecissent,
687 1872 744 1949 ipsi
760 1889 795 1930 co
810 1870 992 1932 transierunt
1006 1889 1054 1930 ca·

94 1957 168 2011 stra.
203 1960 266 2012 tum
279 1953 381 2031 utique
393 1954 530 2031 exiguum
543 1955 627 2032 spatii
641 1951 748 2014 vaHum
766 1971 782 2012 a
798 1952 873 2014 vallo
889 1953 1004 2023 aberat,
1025 1959 1084 2014 ote

93 2033 126 2094 id
147 2034 244 2114 ipsum
263 2041 357 2096 totum
382 2053 476 2115 prope
499 2035 688 2115 conpleverat
702 2035 834 2096 Romana
848 2037 943 2104 acies,
966 2034 1053 2095 simul

93 2124 125 2177 et
138 2135 192 2194 per
204 2135 306 2179 aversa
322 2125 417 2180 castra
433 2121 468 2157 *¹*
484 2137 500 2178 e
515 2120 618 2178 castris
635 2115 807 2178 Hannibalis
823 2119 966 2197 equitatus
987 2135 1054 2178 cum

93 2199 152 2262 levi
158 2209 305 2262 armatura
318 2199 792 2262 1111111111111111111111111111
805 2201 926 2262 caedem
939 2202 1053 2278 iugam-

96 2299 153 2361 que
175 2282 303 2344 bostium
323 2281 487 2362 palatorum
509 2283 588 2346 lecit.
619 2301 676 2344 neo
695 2285 757 2344 acie
777 2292 892 2345 certare
905 2281 1082 2344 Hannibale

92 2383 197 2436 ausus,
210 2367 277 2445 quia
289 2373 368 2428 tanta
380 2368 524 2444 paucitate
531 2368 578 2427 vix
585 2375 694 2437 castra,
708 2369 732 2428 si
744 2374 994 2446 oppugnarentur,
1007 2373 1053 2428 tu·

93 2450 151 2510 tari
166 2455 290 2528 poterat.
317 2451 434 2528 iamque
449 2449 559 2511 artibus
569 2449 652 2512 Fabii
662 2484 704 2494 —
715 2469 784 2529 pars
795 2451 939 2511 exercitus
951 2449 1052 2512 aberat
1063 2455 1098 2508 11

94 2535 153 2593 iam
165 2532 242 2593 lame
253 2535 339 2576 **-
350 2532 479 2594 sedendo
487 2540 516 2593 et
527 2533 690 2595 cunctando
702 2533 812 2594 bellum
824 2531 958 2612 gerebat,
971 2551 1053 2594 rece·

94 2623 236 2696 paratque
248 2634 316 2677 suos
325 2618 355 2676 in
369 2619 468 2697 priora
480 2625 587 2689 castra,
605 2635 679 2696 quae
690 2635 745 2696 pro
757 2617 885 2678 Gereoni
899 2616 1053 2678 moenibus

9 2771 11 2776 Ι
95 2707 189 2762 crant.
219 2701 295 2760 iusta
313 2719 429 2780 quoque
444 2701 505 2762 acie
520 2709 550 2762 et
563 2699 686 2762 conlatis
700 2701 791 2778 signis
807 2701 974 2761 dimicatum
987 2702 1050 2779 qui·
1063 2707 1095 2760 11

95 2783 162 2844 dam
175 2791 310 2845 auctores
321 2792 404 2845 sunt:
417 2787 514 2865 primo
526 2803 672 2846 concursu
678 2785 809 2845 Poenum
815 2783 1053 2864 usqueadcastra

94 2867 207 2938 lusum,
228 2868 297 2929 inde
319 2871 472 2948 eruptione
488 2869 565 2930 facta
585 2875 709 2948 repente
722 2886 839 2928 versum
854 2875 1001 2930 terrorem
1020 2869 1053 2929 in

94 2949 250 3022 Romanos,
263 2953 396 3014 Numenii
405 2954 527 3016 Decimii
534 2952 784 3015 Samnitisdeinde
792 2954 958 3014 interventu
965 2969 1052 3030 proe-

94 3033 166 3094 lium
185 3037 362 3097 restitutum.
397 3037 475 3098 hunc
494 3036 659 3116 principem
680 3054 791 3114 genere
813 3053 848 3097 ac
865 3035 972 3096 divitiis
991 3051 1051 3093 non
1062 3039 1096 3090 12

94 3117 216 3180 Boviani
232 3118 333 3190 modo,
349 3120 427 3180 unde
443 3128 518 3190 erat,
535 3119 587 3179 sed
603 3127 665 3178 toto
683 3119 817 3187 Samnio,
835 3120 915 3178 iussu
931 3117 1052 3176 dictato·

9 3243 10 3246 1
95 3202 137 3262 ris
149 3207 215 3262 1111
227 3200 306 3262 milia
321 3202 451 3280 peditum
465 3209 494 3262 et
506 3203 618 3280 equites
629 3201 805 3278 quingentos
816 3198 1010 3260 adducentem
1021 3200 1054 3259 in

95 3292 205 3357 castra,
221 3285 257 3346 ab
274 3292 356 3364 tergo
370 3303 436 3346 cum
452 3286 634 3364 apparuisset
645 3279 817 3352 Hannibali,
833 3285 961 3363 speciem
977 3283 1057 3360 parti

9 3431 10 3436 ,
96 3371 212 3450 utrique
227 3369 398 3450 praebuisse
418 3371 486 3430 nori
504 3367 643 3449 praesidii
663 3384 729 3426 eum
748 3365 783 3437 Q.
802 3366 891 3427 Fabio
908 3365 943 3428 ab
960 3367 1052 3427 Roma

96 3454 247 3518 vementis.
275 3453 468 3518 Hannibalem
486 3452 656 3517 insidiarum
677 3468 793 3534 quoque
815 3449 924 3534 aliquid
943 3449 1098 3514 111111-11
