2532 3938
162 145 182 208 8
326 157 420 198 nmen
433 157 488 198 vn.
504 154 573 197 car.
590 144 614 195 7.
630 140 655 194 8.
672 133 712 216 [ac
726 157 757 198 n.
774 157 800 198 c.
817 143 876 194 392.
891 133 952 216 393]

163 313 242 385 gent.
276 321 363 366 omne
375 304 535 366 Hernicum
549 320 673 373 nomen,
689 304 785 364 omnis
798 301 932 363 militaris
947 310 1027 364 aetas
1041 305 1113 365 exci-
1151 373 1155 379 ,
1258 333 1259 364 ι

163 397 227 458 tur;
248 388 510 469 quadringenariae
528 394 595 448 octo
609 386 754 458 cohortes,
768 386 844 447 lecta
858 385 966 447 robora
978 387 1117 456 virorum,

131 473 340 534 ascribuntur.
386 472 465 532 hunc
491 473 629 532 eximium
655 471 758 532 liorem
784 472 942 532 iuventutis
966 488 1001 532 eo
1021 472 1117 539 etiam,

162 558 255 637 quod,
271 564 303 618 ut
317 556 424 636 duplex
440 556 608 636 acciperent
622 554 814 634 stipendium,
831 556 1035 624 decreverant,
1057 557 1118 634 spei

162 643 385 721 animorumque
399 639 557 718 inplevere.
586 640 724 702 inmunes
739 657 855 718 quoque
871 657 994 718 operum
1014 638 1118 700 milita·

161 726 238 786 rium
253 733 346 795 erant,
359 732 392 785 ut
406 726 541 784 inunum
556 740 672 801 pugnae
685 722 817 784 laborem
831 725 971 784 reservati
987 723 1053 802 plus
1064 722 1119 784 sibl

130 816 248 888 dquam
264 828 319 890 pro
335 809 411 869 virili
426 815 510 888 parte
525 806 716 868 adnitendum
736 809 852 872 scirent.
889 813 969 868 extra
985 807 1119 868 ordinem

161 894 248 954 etiam
263 895 294 954 in
310 895 372 954 acIe
386 892 482 960 locati,
501 909 558 970 quo
575 892 759 968 conspectior
776 893 866 951 virtus
881 899 967 951 esset.

222 978 318 1038 Iluum
334 975 446 1037 milium
463 975 598 1055 planities
616 982 710 1036 castra
727 976 858 1036 Romana
873 975 909 1035 ab
925 975 1059 1034 Hernicis
1075 974 1118 1035 di·

160 1060 303 1131 rimebat;
326 1060 367 1121 ibi
383 1061 449 1140 pari
465 1060 559 1120 lerme
574 1061 722 1137 utrimque
739 1060 832 1138 spatio
848 1061 879 1118 in
894 1058 991 1119 medIo
1006 1074 1118 1138 pugna·

130 1151 145 1201 't
160 1151 222 1205 tum
235 1151 288 1205 est.
313 1147 410 1224 prImo
420 1144 500 1204 stetit
515 1142 651 1221 ambigua
666 1161 718 1222 spe
730 1159 828 1222 pugna
845 1144 1021 1221 nequiquam
1032 1161 1119 1222 saepe

160 1230 272 1289 conatis
288 1227 434 1308 equitibus
448 1227 587 1288 Romanis
607 1228 718 1305 impetu
731 1227 852 1287 turbare
873 1226 1001 1287 hostium
1016 1227 1118 1287 aciem.

129 1317 314 1391 epostquam
339 1313 483 1392 equestris
498 1329 595 1390 pugna
618 1311 723 1370 ellectu
740 1328 828 1390 quam
846 1309 998 1370 conatibus
1018 1311 1118 1370 vanior

161 1404 233 1466 erat,
249 1396 382 1458 consulto
396 1398 478 1475 prius
490 1396 632 1456 dictatore
647 1396 760 1474 equites
775 1396 920 1472 permissu
936 1394 1041 1456 deinde
1056 1395 1118 1454 eius

160 1479 271 1540 relictis
293 1482 375 1558 cquis
393 1478 520 1540 clamore
535 1481 646 1556 ingenti
660 1477 816 1557 provolant
836 1487 904 1538 ante
921 1479 1005 1555 signa
1019 1485 1049 1538 et
1065 1495 1118 1538 uo·

129 1571 225 1624 evam
241 1566 389 1642 integrant
406 1580 544 1641 pugnam.
581 1580 676 1640 neque
697 1564 836 1624 sustineri
851 1568 1000 1641 poterant,
1023 1562 1053 1622 ni
1068 1579 1118 1621 ex·

161 1648 372 1707 traordinariaa
395 1647 530 1706 cohortes
555 1647 618 1724 pari
640 1664 799 1725 corporum
821 1647 1044 1725 animorumque
1069 1663 1118 1705 ro·
1203 1651 1204 1654 ’

130 1729 232 1790 thore
253 1749 285 1792 se
303 1729 489 1791 obiecissent.
532 1729 604 1790 VIII.
625 1730 709 1790 Tunc
728 1732 806 1792 inter
826 1731 973 1809 prImores
994 1731 1119 1790 duorum

160 1813 338 1894 populorum
358 1831 409 1874 res
424 1815 545 1890 geritur.
575 1813 717 1893 quidquid
736 1815 806 1875 hinc
823 1822 873 1875 aut
892 1813 974 1874 illinc
988 1832 1118 1874 commu·

160 1898 206 1958 nis
217 1897 293 1960 llars
308 1896 378 1959 belli
390 1898 493 1968 aufert,
505 1896 657 1977 multiplex
669 1917 756 1978 qnam
771 1917 826 1978 pro
842 1911 966 1958 numero
980 1897 1118 1958 damnum

160 1990 212 2043 est.
250 1980 354 2060 vulgus
376 1981 453 2042 aliud
475 1991 670 2050 armatorum,
694 1983 771 2042 velut
785 1979 917 2057 delegata
939 1981 1119 2057 prirnoribus

160 2083 266 2144 pugna,
284 2072 419 2140 eventum
433 2082 520 2126 suum
536 2066 565 2125 in
575 2067 684 2126 virtute
699 2065 793 2125 aliena
804 2066 896 2142 ponit.
920 2063 1004 2123 multi
1017 2065 1118 2124 utrim-

131 2157 216 2227 nque
228 2148 346 2216 cadunt,
365 2147 465 2226 plures
475 2147 595 2208 vulnera
612 2150 773 2227 accipiunt;
789 2147 908 2207 tandem
923 2147 1050 2243 equites·
1047 2147 1119 2207 alius

159 2233 247 2294 allum
263 2233 460 2324 increpantes,
476 2232 544 2310 quid
560 2230 665 2292 deinde
680 2238 813 2299 restaret,
831 2231 1011 2327 quaerendo,
1026 2231 1051 2290 si
1067 2248 1118 2290 ne·

159 2333 216 2394 que
232 2333 267 2375 ex
284 2307 366 2392 eqtiis
380 2314 565 2395 pepulissent
578 2315 692 2376 hostem
709 2333 804 2395 neque
827 2314 941 2394 pedites
964 2316 1118 2390 quicquam

158 2402 299 2460 momenti
321 2399 474 2459 lacerent.
496 2417 583 2478 quam
605 2402 723 2460 tertiam
746 2405 951 2477 exspectarent
972 2398 1119 2476 pngnaml

159 2484 228 2562 quid
244 2490 313 2543 ante
334 2483 416 2560 signa
438 2483 554 2542 feroces
576 2482 780 2562 prosiluissent
794 2488 824 2542 et
838 2480 934 2543 alieno
956 2487 1120 2559 pugnarent

132 2567 241 2628 tlocoi
262 2566 311 2626 his
325 2567 401 2627 inter
417 2583 449 2627 se
463 2565 583 2628 vocibus
596 2568 734 2627 concitati
747 2565 876 2627 clamore
889 2571 1028 2625 renovato
1044 2565 1119 2624 inle-

159 2656 229 2711 runt
243 2650 364 2728 pedenm
388 2656 417 2710 et
437 2651 564 2728 primum
580 2651 673 2728 gradu
689 2656 845 2710 moverunt
864 2649 993 2717 hostem,
1015 2647 1120 2707 deinde

134 2732 352 2812 apopulerunt,
375 2741 525 2812 postremo
547 2736 605 2794 iam
627 2733 704 2794 haud
728 2733 816 2793 dubie
838 2739 987 2800 avertunt3
1014 2749 1118 2810 neque,

159 2824 218 2878 tam
235 2817 312 2876 vires
326 2832 413 2894 pares
429 2832 503 2891 quae
517 2819 700 2896 superaverit
715 2835 778 2886 res,
795 2815 880 2876 lacile
896 2816 975 2875 dictu
988 2823 1046 2884 est,
1064 2815 1120 2874 nisi

159 2898 236 2979 quod
260 2905 401 2977 perpetua
423 2899 541 2960 lortuna
562 2902 715 2980 utriusque
731 2898 832 2979 populi
848 2906 878 2958 et
895 2898 1036 2958 extollere
1058 2900 1120 2958 ani·

132 2991 223 3045 omos
246 2983 275 3042 et
296 2983 430 3042 minuere
451 2984 554 3060 potuit.
585 3001 678 3062 usque
693 2984 729 3044 ad
746 2990 841 3044 castra
856 2983 1002 3060 fugientes
1017 2981 1120 3042 lierni-

160 3086 210 3130 cos
226 3067 375 3128 Romanus
390 3066 538 3144 aequitum
562 3074 725 3128 castrorum
741 3068 967 3146 oppugnatione,
992 3065 1060 3142 quie
1074 3084 1119 3126 sa·

159 3169 225 3211 rum
240 3156 302 3211 erat
317 3149 383 3219 diei,
400 3148 579 3210 abstinuere.
610 3150 659 3212 diu
675 3169 734 3212 non
747 3150 916 3230 perlitatum
928 3154 1064 3210 tenuerat
1078 3148 1120 3208 di-

160 3241 317 3302 ctatorem,
340 3250 378 3294 ne
400 3240 467 3295 ante
489 3233 640 3296 meridiem
663 3236 779 3312 signum
802 3235 872 3295 darc
894 3241 1008 3314 posset:
1033 3250 1068 3293 eo
1090 3233 1120 3289 in

133 3323 276 3377 dnoctem
299 3312 424 3377 tractum
447 3325 511 3378 erat
532 3324 690 3380 certamen.
721 3325 840 3397 postero
856 3317 903 3377 die
918 3316 1038 3377 deserta
1052 3316 1120 3392 luga

160 3407 253 3460 castra
266 3399 457 3460 Hernicorum
477 3408 506 3460 et
516 3402 609 3462 saucii
623 3400 720 3463 relicti
733 3400 851 3480 quidam
863 3401 983 3469 invent
1002 3415 1120 3476 agmen·
