2542 3956
188 149 252 216 294
355 170 449 253 ursam
463 169 540 210 xxm.
557 167 625 210 oar.
641 153 684 207 36.
698 153 743 207 at.
761 145 804 225 [a.
818 165 849 206 u.
865 167 892 206 c.
907 145 971 224 538]

189 320 278 400 legati
292 337 308 379 a
322 317 426 378 Paesto
437 322 557 396 pateras
568 333 673 376 aureas
683 314 807 375 Romam
818 311 996 374 adtulerunt.
1023 313 1061 373 iis
1072 311 1158 374 sicud

188 401 388 482 Neapolitanis
402 401 514 479 gratiae
528 407 626 466 actae:
642 415 746 458 aurum
761 414 821 458 non
837 405 1000 476 acceptum.

160 497 171 546 t
251 483 389 550 XXXVII.
427 484 484 544 Per
504 482 622 544 cosdem
643 481 707 542 dies
731 479 769 542 ab
790 479 919 542 Hierone
944 480 1046 542 elassis
1067 479 1157 540 Ostia

158 582 256 631 ‘teum
270 586 378 647 magno
397 574 563 630 commeatu
583 567 716 627 accessit.
746 562 836 643 legati
854 567 886 625 in
901 572 1037 626 senatum
1052 564 1154 624 intro·

189 653 268 714 ducti
282 653 456 714 nuntiarunt
470 650 590 712 eaedem
606 649 636 711 (l.
652 647 778 710 Flamini
794 646 924 709 consulis
942 648 1155 726 exercitusque

190 735 315 798 adlatam
330 735 403 796 adeo
420 751 508 813 aegre
523 733 627 794 tulisse
640 749 741 810 regem
756 731 933 806 Hieronem,
953 739 983 792 ut
998 729 1079 790 nulla
1096 749 1153 790 sua

159 829 174 881 3
188 821 310 900 propria
324 820 467 897 regnique
483 819 529 878 sui
543 817 627 877 clade
641 817 753 878 moueri
769 817 863 892 magis
879 816 1016 893 potuerit.
1048 816 1154 893 itaque

190 921 366 984 quamquam
382 900 475 980 probe
496 901 569 975 sciat
583 898 812 978 magnitudinem
833 898 934 977 populi
948 898 1076 958 Romani
1096 897 1151 956 ad·

190 985 401 1048 mirabiliorem
420 1000 514 1062 prope
539 983 670 1045 adversis
688 983 779 1043 rebus
805 1000 892 1062 quam
912 981 1052 1042 secundis
1073 999 1152 1050 esse,

161 1077 291 1130 ttamen
305 1087 337 1128 se
353 1069 464 1141 omnia,
486 1066 592 1144 quibus
612 1085 630 1126 a
650 1066 735 1128 bonis
754 1064 948 1142 fidelibusque
967 1066 1056 1126 sociis
1072 1062 1153 1124 bella

189 1151 283 1212 iuvari
297 1149 425 1224 soleant,
447 1151 579 1220 misisse;
600 1168 676 1230 quae
691 1168 729 1210 ne
744 1151 878 1228 accipere
895 1147 1026 1209 abnuant
1040 1164 1152 1226 magno

158 1245 174 1295 5
190 1253 280 1314 opere
295 1252 328 1294 se
343 1241 443 1313 patres
458 1235 642 1313 conscriptos
663 1251 759 1293 orare.
789 1234 848 1293 iam
869 1233 999 1292 omnium
1018 1233 1153 1309 prImum

189 1319 296 1378 ominis
317 1336 405 1380 causa
424 1318 583 1378 Victoriam
604 1334 724 1378 auream
744 1315 842 1396 pondo
868 1315 1027 1376 ducentum
1053 1332 1089 1374 ac
1109 1317 1153 1374 vi·

189 1402 263 1480 giuti
274 1400 392 1462 adferre
403 1419 482 1462 sese:
497 1403 667 1478 acciperent
679 1418 743 1461 eam
756 1406 951 1478 tenerentque
964 1406 993 1458 et
1003 1397 1154 1458 haberent

81 1521 84 1529 ·
158 1487 339 1566 opropriam
361 1491 390 1544 et
410 1491 593 1563 perpetuam.
629 1484 780 1545 advexisse
807 1485 894 1544 etiam
917 1489 1046 1543 trecenta
1070 1480 1152 1542 milia

189 1569 320 1630 modium
335 1569 438 1638 tritici,
461 1566 587 1630 ducenta
601 1567 720 1638 hordei,
742 1586 780 1628 ne
800 1574 978 1628 commeatus
999 1565 1149 1636 deessent,

191 1659 220 1710 et
239 1657 379 1728 quantum
400 1659 554 1728 praeterea
575 1668 648 1727 opus
663 1658 753 1722 esset,
776 1669 834 1731 quo
856 1651 1010 1710 iussissent
1025 1648 1151 1710 subvec-

159 1740 281 1799 7turos.
317 1731 410 1792 milite
431 1740 518 1811 atque
540 1736 640 1811 equite
661 1735 739 1794 scire
764 1736 820 1795 nisi
841 1735 972 1795 Romano
993 1733 1151 1810 latinique

189 1816 317 1875 nominis
337 1833 397 1878 non
421 1818 465 1877 uti
490 1816 631 1894 populum
657 1817 837 1885 Romanum3
862 1817 969 1878 levium
994 1835 1150 1878 armorum

156 1897 297 1960 8au1ilia
317 1901 405 1961 etiam
427 1908 550 1960 externa
570 1900 676 1961 vidisse
695 1903 727 1961 in
747 1902 850 1962 castris
870 1900 1025 1962 Romanis:
1049 1904 1150 1981 itaque

188 1985 305 2044 misisse
319 1983 400 2044 mille
415 1985 632 2062 sagittariorum
649 2003 683 2044 ac
698 1985 894 2055 funditorum,
914 1991 1009 2063 aptam
1027 2003 1150 2046 manum

190 2067 329 2127 adversus
359 2065 487 2128 Baliares
514 2085 548 2128 ac
569 2068 687 2128 Mauros
713 2086 920 2148 pugnacesque
946 2066 1018 2128 alias
1043 2069 1150 2130 missili

158 2147 250 2210 etelo
265 2157 377 2227 gentes.
408 2149 444 2210 ad
468 2169 501 2212 ea
522 2151 598 2211 dona
621 2151 774 2214 consilinm
795 2170 913 2231 quoque
933 2151 1096 2222 addebant,
1117 2159 1149 2212 ut

188 2240 317 2311 praetor,
334 2234 382 2294 cui
396 2235 547 2313 provincia
558 2235 657 2296 Sicilia
668 2239 819 2306 evenisset,
835 2238 956 2296 classem
972 2238 1003 2296 in
1018 2237 1148 2296 Africam
1239 2235 1240 2244 ’

188 2318 335 2387 traiceret,
352 2323 386 2378 ut
401 2326 430 2379 et
444 2317 544 2378 hostes
558 2319 589 2379 in
604 2327 685 2380 terra
697 2338 748 2382 sua
758 2319 867 2381 bellum
879 2319 1023 2380 haberent
1034 2320 1148 2380 minus·

188 2417 245 2478 que
264 2397 422 2462 laxamenti
442 2401 562 2462 daretur
587 2404 625 2463 iis
650 2404 686 2464 ad
712 2404 817 2464 auxilia
843 2403 997 2464 Hannibali
1022 2400 1147 2463 submit·

130 2488 171 2538 ,10
190 2482 287 2544 tenda.
319 2482 356 2544 ab
371 2492 473 2546 senatu
494 2487 534 2546 ita
549 2504 726 2565 responsum
747 2490 810 2566 regi
833 2494 892 2548 est:
922 2489 1017 2548 virum
1033 2486 1146 2547 bonum

188 2567 397 2646 egregiumque
412 2571 526 2629 socium
538 2570 699 2631 Hieronem
715 2589 787 2641 esse,
805 2579 891 2649 atque
906 2589 965 2632 uno
980 2579 1094 2641 tenore,
1111 2589 1147 2630 ex

188 2667 247 2726 quo
268 2653 301 2710 in
321 2653 479 2712 amicitiam
499 2651 601 2732 populi
615 2652 739 2714 Romani
759 2657 886 2728 venerit,
908 2654 995 2714 tidem
1018 2653 1145 2715 coluisse

188 2749 222 2790 ac
234 2749 298 2791 rem
310 2733 471 2794 Romanam
483 2737 563 2795 omni
576 2742 707 2816 tempore
720 2757 753 2798 ae
763 2738 827 2798 loeo
838 2739 977 2798 munillce
988 2737 1142 2799 adiuvisse.

125 2811 167 2861 “11
189 2811 219 2872 id
234 2814 357 2891 perinde
368 2834 401 2874 ac
414 2816 536 2878 deberet
547 2826 663 2895 gratum
676 2821 784 2900 populo
796 2821 929 2883 Romano
942 2839 1017 2883 esse.
1039 2839 1143 2882 aurum
1239 2837 1240 2874 t

190 2903 219 2957 et
233 2914 249 2956 a
264 2896 426 2958 civitatibus
442 2899 616 2976 quibusdam
632 2902 759 2966 adlatum
774 2907 868 2982 gratia
888 2907 933 2965 rei
948 2912 1067 2983 accepta
1083 2923 1141 2966 non
1239 2936 1240 2960 ι

138 2987 169 3036 12
189 2981 337 3060 accepisse
345 2981 484 3060 populum
493 2983 990 3068 Romanum3Viotoriamomenque
999 2990 1141 3066 accipere,
1239 3053 1240 3062 ,

185 3065 346 3142 sedemque
368 3068 395 3126 ei
415 3085 448 3127 se
468 3067 551 3128 divae
572 3068 642 3131 dare
664 3070 762 3133 dicare
785 3073 974 3150 Capitolium,
1001 3071 1142 3150 templum

186 3147 261 3208 lovis
276 3150 379 3228 optimi
394 3152 521 3213 maximi.
552 3154 582 3213 in
599 3172 632 3215 ea
648 3173 716 3215 arce
730 3155 813 3216 urbis
827 3157 976 3218 Romanae
997 3163 1140 3218 sacratam

186 3231 333 3293 volentem
352 3237 584 3313 propitiamquc,
609 3239 722 3298 firmam
744 3257 777 3300 ac
797 3238 932 3300 stabilem
954 3239 1017 3300 iore
1031 3239 1140 3317 populo

96 3319 168 3404 ⁸,³13
183 3313 324 3376 Romano.
355 3319 520 3380 funditores
536 3322 738 3400 sagittariique
755 3329 785 3382 et
799 3324 981 3385 frumentum
1001 3323 1140 3384 traditum

184 3397 363 3460 consulibus.
379 3401 606 3480 quinqueremes
619 3405 700 3464 ad**
712 3409 828 3467 navium
840 3407 974 3478 classem,
988 3423 1141 3486 quaecum
