2526 3940
54 800 59 818 Ι

54 823 72 878 5³

174 848 271 958 Cum
286 899 354 955 ante
368 893 423 953 bos
437 878 579 953 tredecim
591 911 684 954 annos
698 913 758 956 non
773 903 833 958 tarn
847 913 913 956 mea
927 905 1041 974 sponte,

58 1007 72 1060 4
92 979 171 1057 quod
185 995 285 1056 neque
300 994 375 1038 nora
389 973 518 1037 subsidia
530 977 630 1038 critica
640 977 906 1122 alierregoteram,
924 986 953 1040 et
967 979 1041 1040 dilli-

92 1063 233 1124 cullatem
247 1063 292 1123 rei
306 1077 366 1122 non
380 1057 559 1138 ignorabam,
576 1077 663 1138 quam
676 1079 692 1123 a
704 1062 737 1124 B.
777 1062 956 1123 ‚Teubnero
968 1064 1041 1124 invi·

50 1160 83 1238 q·
92 1154 169 1208 tatus
181 1152 211 1209 et
221 1149 400 1226 provocatus
411 1141 567 1203 editionem
578 1142 659 1213 Livii,
672 1161 759 1222 quam
768 1145 843 1206 Detl.
853 1145 883 1207 G.
894 1143 926 1206 G.
935 1145 1041 1206 Reum·

60 1227 347 1330 {garten-Crusius
360 1227 540 1326 institurerat,
561 1227 829 1305 recognoscentiam
850 1229 1042 1308 susciperem,

50 1359 76 1448 “xl
93 1307 971 1479 Zfflpougoffprzrmspsztffidffipffldzffioeraatphphasc.
982 1309 1043 1452 ebb-

94 1481 181 1549 tione,
189 1468 531 1550 inqnoqnodconsilium
542 1468 615 1529 mibi
624 1473 810 1551 propositum
822 1480 908 1542 esset,
916 1475 947 1533 in
958 1491 1043 1552 prae·

93 1563 200 1619 latione
211 1557 327 1636 primae
337 1554 430 1632 partis
442 1555 572 1632 exposui,
579 1554 611 1613 in
620 1572 655 1614 eo
667 1559 731 1615 erat
742 1554 962 1626 elaborandum,
970 1563 1004 1616 ut
1016 1563 1045 1617 et

95 1661 136 1712 ea,
153 1657 232 1718 quae
244 1639 281 1698 bl.
290 1637 402 1697 llertzli
416 1641 446 1696 et
455 1635 516 1696 Nic.
532 1635 667 1714 Madvigii
681 1636 811 1700 sollertia
826 1646 914 1717 atque
925 1641 1043 1718 ingenio

93 1725 231 1802 indagata
240 1727 291 1782 aut
302 1720 338 1780 ab
349 1718 413 1780 aliis
423 1719 541 1778 inventa
551 1725 628 1789 sunt,
641 1720 677 1780 ad
689 1723 853 1784 orationem
860 1721 932 1782 bivii
943 1739 1042 1784 emen·

95 1807 220 1868 dandam
232 1810 316 1865 caute
328 1808 358 1862 et
368 1801 712 1878 diligenteradbiberem,
730 1812 760 1865 et
772 1821 846 1882 quae
860 1821 915 1883 ego
924 1805 1044 1868 interim

95 1892 125 1950 in
139 1885 513 1950 editioneWeidmanniana
527 1891 708 1947 tentaveram
723 1887 820 1949 denuo
836 1889 1042 1949 examinarem.

97 1973 279 2049 Quamquam
300 1969 378 2030 enim
396 1966 596 2028 Alschefskius
622 1976 652 2030 et
672 1969 821 2032 codicibus
842 1973 960 2050 optimis
979 1970 1044 2031 dili·

97 2057 268 2132 gentissime
287 2051 413 2120 collatis,
437 2067 493 2128 qua
514 2069 585 2112 cura
604 2054 730 2114 maxime
749 2053 888 2114 laudabili
909 2054 1045 2115 ellectum

99 2145 154 2208 est,
175 2145 209 2199 nt
223 2153 303 2197 nunc
317 2134 435 2194 demum
450 2133 487 2194 de
503 2151 606 2194 eorum
620 2137 796 2198 auctoritate
811 2144 841 2197 et
854 2139 932 2198 inter
947 2155 979 2197 se
995 2155 1043 2197 co·

98 2221 235 2300 guntione
265 2219 376 2280 rectius
401 2217 524 2278 iudicari
549 2219 657 2298 possit,
692 2227 721 2278 et
745 2218 846 2280 multis
878 2220 915 2281 ad
939 2219 1045 2280 borum

100 2302 310 2385 exemplarium
344 2300 432 2361 fldem
468 2299 541 2360 locis
581 2303 745 2370 restitutis,
787 2302 895 2378 quibus
931 2304 1047 2380 priores

100 2387 227 2448 editores
245 2383 487 2463 interpolatorum
513 2382 659 2444 librorum
683 2385 824 2446 lectiones
849 2392 1046 2452 servaverant,

62 2471 65 2478 '
101 2473 209 2548 optimc
224 2467 260 2530 de
273 2467 355 2528 Livio
370 2467 493 2537 meruit,
514 2473 548 2526 nt
567 2467 674 2530 iniuria
693 2486 789 2547 nuper
803 2467 1005 2529 'vehementius
1021 2467 1049 2526 ei

102 2553 295 2614 obtrectatum
310 2568 375 2612 esse
389 2549 536 2620 videatur3
558 2555 656 2611 tamen
677 2550 755 2613 baud
774 2570 868 2632 pauca
887 2551 1050 2628 reliquerat

102 2643 150 2696 ant
163 2640 327 2715 receperat,
343 2650 419 2711 quae
434 2632 470 2693 ab
481 2651 538 2695 usu
549 2633 665 2712 linguae
676 2633 795 2695 Latinae
807 2641 884 2696 anta
895 2634 968 2696 Livii
978 2651 1048 2694 con·

102 2719 257 2780 suetudine
271 2716 366 2778 aliena
380 2733 440 2776 non
456 2724 540 2778 erant
554 2717 684 2786 ferenda.
715 2719 810 2796 Atque
830 2716 900 2796 quid
921 2717 958 2777 de
978 2733 1048 2796 ope-

102 2801 182 2863 ribus
202 2799 429 2864 liseherslianis
449 2801 604 2870 sentirem,
632 2817 766 2879 quaeque
790 2803 822 2862 in
842 2803 886 2862 eis
906 2799 1050 2862 laudanda

103 2892 151 2946 aut
159 2883 350 2964 vituperanda
361 2890 512 2964 putarem,
530 2886 561 2944 in
582 2885 715 2946 censuris
732 2903 836 2946 eorum
850 2883 944 2946 lahnii
960 2901 1050 2944 anna·

103 2966 171 3029 lium
193 2967 247 3028 vol.
264 2965 370 3036 XXXI,
392 2985 422 3046 p.
440 2971 498 3034 161
514 2983 595 3046 sqq,
611 2965 728 3037 XXXV,
745 2972 821 3038 355;
837 2965 972 3036 xxxix,
989 2969 1051 3032 243

106 3057 134 3110 et
146 3053 217 3112 actis
231 3051 365 3128 antiquit.
388 3051 457 3110 anni
477 3057 558 3118 1847
572 3068 607 3129 p·
624 3055 685 3119 998
706 3067 769 3130 sqq.
789 3053 909 3113 insertis
929 3049 1052 3110 uberius

106 3133 250 3212 explicari,
266 3140 295 3194 et
309 3132 410 3203 multa,
427 3149 501 3210 quae
512 3141 576 3196 tum
587 3136 702 3214 scripsi,
718 3153 756 3195 ne
770 3152 849 3210 nune
863 3133 982 3210 quidem
996 3133 1050 3190 im·

106 3217 211 3296 probo,
233 3215 270 3277 de
290 3215 354 3278 aliis
374 3218 549 3278 sententiam
569 3225 672 3297 postea
691 3225 820 3279 mutasse
839 3219 898 3278 iam
911 3215 1050 3294 paenitet

108 3299 187 3370 Quod
202 3299 355 3361 consilium
368 3298 485 3360 inlivio
501 3300 614 3361 edendo
628 3301 666 3362 M.
678 3300 815 3362 Hortalus
830 3304 949 3361 secutus
964 3303 1051 3365 esset,

108 3383 327 3462 inpraeiatione
341 3385 429 3462 primi
450 3383 505 3444 vol.
527 3385 630 3464 paucis
650 3383 808 3461 significavi
830 3389 859 3443 et
872 3382 1009 3443 llertzius
1023 3381 1053 3439 ln

109 3465 333 3544 praelationibus
353 3465 536 3546 singulorum
557 3466 737 3528 voluminum
757 3465 883 3529 dilucide
909 3464 1052 3542 exposuit
