2542 3956
321 265 415 308 arnna
428 265 517 308 xxm.
541 265 609 307 oua.
627 253 652 308 1.
668 224 711 326 [a.
728 247 763 309 O.
778 246 842 328 210]
997 244 1061 310 319

101 425 210 468 senatus
224 429 256 465 ex
269 414 379 477 equestri
393 413 483 463 ordine
494 411 642 463 hominibus
655 413 897 480 exevnsuppietus
907 425 953 467 est.
972 417 1002 472 L.
1012 419 1060 470 Po-

102 484 215 534 stumius
228 490 331 548 praetor
342 495 358 530 a
370 479 448 530 Gallis
460 495 518 530 eum
531 481 642 530 exercitu
654 494 744 531 caesus
757 491 805 534 est.
823 480 869 533 Cn.
882 492 907 533 et
917 483 945 534 P.
958 483 1060 552 Scipio·

101 565 151 601 nes
163 550 191 599 in
203 549 248 598 His
269 549 329 598 ania
341 546 524 598 Hasdrubalem
533 548 649 597 viserunt
660 557 685 597 et
693 548 844 614 Hispaniam
856 565 929 601 suam
938 551 1060 604 lecerunt.

101 617 227 680 reliquiae
259 615 383 665 annensls
396 615 530 670 exereitus·
538 615 563 662 in
574 612 685 664 Siciliam
696 614 823 680 relegatae
832 627 902 682 sunt,
916 633 948 668 ne
959 619 1061 670 recede·

100 694 161 734 rent
173 683 233 734 inde
244 683 297 732 nisi
309 681 382 730 linito
394 680 468 731 bello.
492 679 659 747 Sempronius
673 681 800 734 Gracchus
813 685 901 734 consul
916 683 975 736 Cam
997 702 1060 738 anos

101 750 202 803 eeeidit.
226 747 347 799 Claudius
359 747 492 798 Marcellus
504 757 605 814 praetor
616 748 766 799 Hannibalis
779 753 916 801 exereitum
929 702 1060 804 adllolara

102 817 204 884 proelio
215 815 283 866 ludit
295 825 319 895 et
329 815 399 896 vieit,
411 815 560 894 primusque
572 824 610 864 tot
621 814 735 866 eladibus
748 816 824 868 lessis
836 818 959 870 Romanis
971 821 1061 872 melio-

100 881 313 1001 latiali
320 882 407 1000 itii
420 881 955 1017 utilitatiillutibilis:
962 887 1061 1006 iiiii

102 1026 129 1068 et
142 1017 187 1068 Cn.
200 1015 371 1081 Scipionibus,
388 1017 415 1067 in
425 1015 549 1068 Sardinia
560 1033 577 1066 a
588 1016 617 1068 T.
629 1016 723 1068 Manlio
736 1028 851 1084 praetore
862 1021 984 1072 adversus
996 1021 1061 1072 Poe·

102 1098 152 1134 nos
164 1099 206 1134 ree
218 1092 304 1149 gestas
317 1084 440 1143 eontinet,
454 1099 468 1132 a
481 1084 574 1146 quibus
586 1082 731 1136 Hasdrubal
743 1085 796 1136 dux
808 1096 833 1136 et
843 1087 920 1153 Mago
933 1096 957 1138 et
967 1087 1062 1139 Hanno

102 1152 181 1217 cepti.
203 1151 329 1201 exereitus
345 1149 496 1200 Hannibalis
515 1164 562 1214 per
576 1147 682 1200 hiberna
695 1153 732 1201 ita
742 1152 886 1204 luxuriatus
899 1162 950 1219 est,
964 1165 993 1205 ut
1004 1171 1061 1206 eor-

101 1219 173 1284 poris
184 1218 314 1280 animique
324 1217 421 1267 viribus
433 1224 602 1269 enervaretur.

173 1483 252 1546 Tl'l'l
273 1483 349 1546 Livi
370 1483 418 1546 ΑΒ
441 1481 543 1546 URBE
565 1481 730 1546 CONDITA
750 1484 865 1548 LIBER
886 1485 993 1552 xxiii.

172 1652 195 1713 1.
218 1650 366 1713 Hannibal
380 1651 791 1732 postGannenserupugnam,
807 1660 1087 1736 cauraqeeeaptar

102 1755 138 1798 ae
153 1737 270 1814 direpta
285 1736 440 1796 confestim
452 1753 488 1796 ex
499 1735 604 1814 Apulia
618 1737 650 1796 in
663 1735 815 1798 Samnium
826 1745 968 1810 moverat,
985 1743 1063 1801 acei-

101 1829 151 1883 tus
171 1821 202 1881 ln
223 1818 366 1899 Hirpinos
386 1837 402 1880 a
425 1819 519 1880 Statio
541 1818 661 1889 Trebio,
681 1820 840 1898 pollicente
861 1839 892 1883 se
908 1823 1062 1903 Compsam

104 1904 296 1966 traditurum.
341 1903 523 1982 Compsanus
538 1909 603 1963 erat
616 1899 745 1964 Trebius
759 1904 868 1966 nobilis
883 1908 962 1966 inter
976 1925 1061 1978 suos;

107 1989 160 2050 sed
171 1986 327 2068 premebat
341 2003 410 2047 eum
420 1985 602 2067 Mopsiorum
614 1987 713 2056 iaotio,
729 1987 859 2048 familiae
873 2006 929 2066 per
938 1993 1091 2066 gratiama

104 2072 306 2134 Romanorum
321 2072 461 2151 potentis.
489 2079 557 2149 post
570 2071 679 2130 lamam
694 2069 857 2130 Cannensis
871 2088 988 2149 pugnae
1001 2073 1061 2133 vol·
1073 2079 1089 2130 3

103 2164 262 2234 gatumque
287 2152 380 2214 Trebi
400 2151 589 2214 sermonibus
616 2153 774 2213 adventurn
799 2153 974 2216 Hannibalis
994 2174 1061 2217 eum

103 2240 249 2318 Mopsiani
265 2237 370 2298 urbem
386 2239 592 2306 excessissent,
609 2237 673 2296 sine
689 2239 851 2298 certamine
864 2239 974 2299 tradita
988 2239 1062 2300 urbs

104 2323 204 2386 Poeno
215 2321 457 2400 praesidiumque
468 2328 622 2399 acceptum
634 2325 689 2380 est.
704 2318 748 2381 ibi
759 2320 871 2400 praeda
882 2324 962 2382 omui
975 2329 1089 2402 atquae

104 2404 317 2484 inpedimentis
336 2404 451 2465 relictis
471 2406 606 2464 exercitu
625 2405 735 2482 partito
755 2404 909 2482 Hagonem
929 2408 1061 2484 regionis

108 2491 173 2550 eius
187 2486 280 2549 urbes
295 2495 345 2549 aut
359 2487 525 2549 deliciantis
540 2486 577 2548 ab
592 2486 733 2548 Romanis
747 2489 883 2567 accipere
899 2495 949 2549 aut
964 2490 1061 2551 detre-

105 2573 213 2633 otautis
228 2589 335 2648 eogere
351 2572 387 2633 ad
400 2571 597 2633 delectionem
611 2571 705 2641 iubet,
720 2573 785 2651 ipse
796 2589 852 2651 per
863 2589 965 2650 agrum
977 2571 1089 2634 eam-s

104 2674 214 2736 panum
233 2673 315 2716 mare
338 2656 576 2735 interumperet,
599 2662 823 2734 oppugnaturus
838 2654 1007 2735 Neapolim,
1029 2663 1062 2717 ut

104 2738 210 2801 urbem
224 2741 406 2800 maritimam
419 2737 553 2800 haberet.
583 2737 635 2798 ubi
650 2739 726 2799 dues
739 2738 1001 2819 Neapolitanorum
1015 2741 1091 2800 ino

103 2825 208 2894 travit,
230 2823 374 2885 Numidas
388 2825 497 2903 partim
511 2825 544 2883 in
559 2822 679 2883 insidiis
692 2855 735 2869 —
753 2829 785 2882 et
798 2823 957 2903 pleraeque
972 2842 1060 2885 cavae

105 2914 174 2968 suut
192 2909 257 2969 riae
278 2909 421 2988 sinusque
442 2907 550 2968 occulti
564 2939 621 2977 —,
643 2924 829 2986 quacumque
850 2914 917 2988 apte
932 2914 1059 2988 poterat,

105 2990 258 3067 disposuit,
275 2990 349 3053 alios
358 3010 430 3072 prae
441 3010 472 3053 se
484 2998 579 3053 aotam
590 2991 733 3070 praedam
745 3009 781 3052 ex
793 2994 873 3070 agris
885 2993 1061 3052 ostentantis

105 3071 280 3150 obequitare
295 3078 390 3153 portis
404 3077 502 3136 iussit.
524 3077 557 3134 in
572 3092 656 3151 quos,
672 3077 742 3152 quia
754 3091 809 3134 neo
820 3075 905 3134 multi
917 3080 947 3133 et
956 3075 1088 3133 incon-7

106 3157 195 3236 positi
209 3154 400 3226 videbantur,
422 3175 489 3216 eum
508 3164 607 3217 turma
621 3157 753 3234 equitum
769 3157 932 3234 erupisset,
955 3154 992 3215 ab
1011 3173 1060 3216 oe·

107 3237 246 3300 dentibus
261 3239 392 3300 consulto
411 3246 507 3301 tracta
520 3242 552 3300 ln
567 3239 692 3300 insidias
706 3240 907 3300 circumventa
924 3246 984 3310 est:
1004 3245 1090 3299 neos

107 3325 247 3385 evasisset
267 3325 439 3404 quisquam,
460 3325 492 3383 ni
506 3341 588 3383 mare
604 3324 804 3403 propinquum
818 3329 849 3383 et
862 3321 940 3384 baud
955 3322 1059 3402 procul

8 3433 9 3488 q
108 3407 193 3469 litore
219 3426 325 3478 naves,
359 3408 536 3487 piscatoriae
563 3407 735 3486 pleraeque,
751 3414 925 3484 eonspectae
952 3407 1059 3487 peritis

8 3509 11 3590 ᾗ
108 3491 196 3552 nandi
209 3492 361 3553 dedissent
372 3491 522 3570 effugium.
543 3492 654 3571 aliquot
666 3498 763 3552 tamen
774 3509 810 3551 eo
818 3491 935 3579 proelio
945 3488 1089 3552 nubilosa
