2538 3946
141 316 147 322 ’
200 295 265 357 224
387 305 482 350 nuans
495 307 559 350 xn.
575 305 645 350 oar.
659 294 703 349 24.
716 294 760 350 25.
775 284 816 367 [a.
831 307 862 348 n.
877 309 903 350 c.
918 285 981 370 aaa]

202 474 270 517 cum
283 455 320 515 iis
335 453 423 525 velle,
447 462 478 515 et
493 453 539 514 vel
554 453 597 514 illi
609 455 732 532 propius
745 451 893 515 Iliberrim
908 453 1101 529 accederent,
1116 455 1163 518 rel

204 557 236 600 se
249 540 446 601 Ruscinonem
460 555 684 618 processurum,
706 543 741 596 ut
754 555 791 598 ex
802 539 969 617 propinquo
986 549 1163 614 congressus

173 621 317 684 elacilior
328 628 419 683 esset:
436 627 546 682 namet
560 626 750 699 accepturum
767 637 818 680 eos
832 621 863 680 in
876 627 971 681 castra
987 639 1041 682 sua
1056 639 1088 681 se
1102 621 1162 683 lae-

202 713 278 776 tum,
295 722 351 765 nec
366 708 538 766 cunctanter
551 721 582 764 se
594 703 692 782 ipsum
706 703 744 764 ad
759 720 810 765 eos
821 711 984 765 venturum.
1013 705 1163 783 hospitem
1246 741 1247 744 =

202 789 336 850 enimse
358 787 482 859 Galliae,
503 805 563 847 non
583 787 698 847 hostem
721 786 890 858 advenisse,
911 805 968 847 nec
990 789 1164 849 stricturum
1246 789 1247 806 .

173 880 270 933 cante
281 870 418 950 gladium,
433 873 459 932 si
473 888 528 951 per
541 868 639 932 Gallos
650 867 744 941 liceat,
761 888 848 950 quam
858 873 890 930 in
901 868 1013 932 ltaliam
1024 873 1162 934 venisset.

204 961 233 1016 et
245 973 299 1034 per
313 957 433 1016 nuntios
448 953 566 1035 quidem
580 953 671 1015 baec:
701 961 736 1015 ut
753 971 824 1015 vero
837 953 934 1032 reguli
948 953 1100 1015 Gallorum
1116 974 1163 1016 ca-

203 1038 315 1101 strisad
326 1035 627 1114 Iliberrimextemplo
635 1039 722 1100 motis
733 1037 812 1099 haud
823 1037 1021 1116 gravanterad
1029 1038 1163 1100 Poenum

203 1129 360 1190 venerunt,
384 1122 462 1200 capti
474 1118 558 1180 donis
573 1139 640 1180 cum
653 1120 731 1182 bona
751 1138 824 1201 pace
840 1122 1001 1182 exercitum
1021 1139 1078 1200 per
1097 1123 1164 1182 linis

203 1222 272 1265 suos
287 1210 406 1282 praeter
420 1205 625 1266 Ruscinonem.
634 1203 775 1283 oppidum
789 1205 1028 1266 transmiserunt.

179 1297 191 1346 t
265 1285 351 1347 XXV.
387 1287 421 1348 ln
442 1286 554 1348 Italiam
574 1288 694 1347 interim
714 1285 788 1348 nihil
809 1287 886 1349 ultra
907 1307 995 1367 quam
1020 1287 1163 1350 Iliberum

204 1371 344 1432 transisse
358 1369 554 1432 Hannibalem
570 1388 588 1430 a
601 1369 826 1431 Massiliensium
840 1370 943 1449 legatis
956 1371 1081 1432 Romam
1095 1389 1164 1450 per·

173 1453 294 1517 alatum
310 1461 389 1536 erat,
405 1472 485 1524 cum,
508 1452 631 1533 perinde
647 1470 681 1514 ac
698 1455 723 1514 si
735 1452 817 1533 Alpis
831 1455 891 1515 iam
906 1456 1074 1526 transisset,
1099 1456 1166 1517 boii

204 1537 367 1600 sollicitatis
381 1534 554 1598 Insubribus
574 1536 761 1608 deiecerunt,
785 1555 841 1597 nec
862 1547 922 1597 tam
936 1537 974 1598 ob
997 1545 1114 1598 veteres
1132 1541 1166 1600 in

202 1620 344 1701 populum
360 1621 526 1682 Romanum
542 1621 617 1694 iras,
639 1637 727 1698 quam
745 1619 824 1699 quod
841 1638 936 1700 nuper
952 1622 1032 1681 circa
1051 1623 1165 1684 Padum

204 1704 384 1765 Placentiam
412 1704 647 1780 Cremonamque
672 1703 802 1764 colonias
827 1704 859 1762 in
886 1720 990 1781 agrum
1019 1704 1166 1766 Gallicum

175 1786 346 1847 adeductas
359 1803 448 1864 aegre
461 1785 657 1865 patiebantur.
685 1787 784 1865 itaque
799 1788 889 1848 armis
904 1795 1027 1866 repente
1038 1791 1168 1868 arreptis

205 1872 236 1929 in
254 1887 322 1929 eum
343 1869 441 1947 ipsum
456 1884 560 1946 agrum
575 1868 689 1946 impetu
702 1868 780 1930 iacto
794 1877 909 1930 tantum
923 1872 1049 1931 terroris
1063 1890 1098 1932 ac
1118 1879 1167 1933 tu·

205 1951 314 2013 multus
325 1951 476 2022 lecerunt,
493 1957 526 2012 ut
540 1968 601 2011 non
610 1953 734 2030 agrestis
745 1952 834 2014 modo
851 1952 1024 2023 multitudo,
1040 1954 1093 2014 sed
1108 1955 1169 2034 ipsi

204 2036 349 2098 triumviri
365 2035 505 2105 Romani,
529 2035 580 2113 qui
601 2035 637 2096 ad
659 2053 763 2114 agrum
778 2043 921 2097 venerant
939 2036 1166 2114 adsignandum,

204 2119 290 2179 diffisi
308 2118 474 2180 Placentiae
494 2116 648 2180 moenibus
662 2119 804 2180 Mutinam
824 2120 1026 2198 confugerint,
1050 2121 1081 2182 C.
1106 2119 1167 2181 Lu·

175 2203 291 2262 statius
306 2203 337 2263 G.
354 2201 494 2262 Servilius
507 2201 546 2262 M.
560 2201 681 2263 Annius.
713 2203 810 2264 Lutati
823 2220 931 2263 nomen
950 2203 1029 2264 haud
1042 2202 1169 2265 dubium

206 2293 263 2355 est;
281 2303 336 2364 pro
357 2286 452 2344 Annio
477 2283 658 2363 Servilioque
679 2284 727 2347 M'.
748 2284 873 2347 Acilium
895 2293 923 2346 et
938 2287 970 2347 G.
981 2287 1169 2348 Herennium

205 2368 314 2429 habent
338 2366 457 2448 quidam
478 2366 613 2439 annales,
637 2367 687 2429 alii
705 2369 737 2429 P.
754 2367 923 2430 Cornelium
943 2369 1062 2430 Asinam
1087 2376 1118 2430 et
1134 2372 1168 2432 C.

174 2453 353 2531 oPapirium
369 2451 529 2513 Masonem.
565 2451 596 2512 id
612 2469 728 2532 quoque
746 2451 867 2512 dubium
883 2459 942 2521 est,
963 2451 1052 2529 legati
1065 2452 1103 2512 ad
1115 2471 1169 2513 ex·

205 2533 412 2614 postulandum
428 2536 510 2595 missi
525 2534 562 2596 ad
577 2535 666 2596 Boios
685 2534 783 2596 violati
799 2536 874 2605 sint,
896 2551 934 2594 an
948 2536 980 2594 in
996 2536 1177 2612 triumviros,

173 2625 307 2696 oagrum
321 2619 459 2678 metantis
480 2619 607 2698 impetus
627 2620 665 2678 sit
682 2617 786 2680 factus.
816 2618 945 2678 Mutinae
960 2635 1028 2680 cum
1047 2617 1170 2680 obside·

204 2710 322 2771 rentur,
346 2707 376 2760 et
401 2718 474 2778 gens
493 2699 530 2762 ad
550 2699 814 2780 oppugnandarum
834 2700 953 2761 urbium
974 2708 1052 2762 artes
1073 2701 1169 2772 rudis,

205 2785 365 2862 pigerrima
379 2783 482 2845 eadem
505 2784 541 2845 ad
555 2783 693 2845 militaria
708 2803 814 2865 opera,
836 2785 935 2862 segnis
955 2784 1072 2846 intactIs
1087 2785 1170 2846 adsi-

176 2874 195 2922 r7
207 2866 290 2926 deret
304 2868 411 2938 muris,
429 2866 561 2928 simulari
576 2875 712 2947 coeptum
728 2870 765 2930 de
779 2886 852 2948 pace
867 2869 928 2947 agi;
944 2870 1114 2948 evocatique
1129 2869 1171 2930 ab

206 2947 356 3011 Gallorum
369 2949 552 3029 principibus
566 2947 656 3028 legati
673 2951 709 3013 ad
726 2951 914 3032 conloquium
930 2967 991 3012 non
1001 2960 1105 3013 contra
1120 2954 1172 3012 ius

206 3033 294 3095 modo
310 3034 458 3112 gentium,
479 3032 531 3092 sed
549 3031 653 3093 violata
669 3036 769 3105 etiam,
783 3053 857 3114 quae
875 3033 941 3096 data
955 3037 987 3094 in
1002 3034 1033 3095 id
1047 3043 1171 3114 tempus

207 3126 284 3189 erat,
308 3115 366 3177 fide
380 3114 675 3194 conprehendantur,
694 3116 869 3195 negantibus
884 3117 987 3188 Gallis,
1013 3120 1070 3178 nisi
1085 3117 1173 3179 obsi·

176 3203 257 3262 edes
271 3201 327 3261 sibi
338 3199 548 3269 redderentur,
564 3217 613 3260 eos
625 3199 806 3265 dimissuros.
840 3219 908 3262 cum
922 3201 996 3261 haec
1007 3201 1044 3262 de
1060 3200 1172 3278 legatis

207 3286 339 3346 nuntiata
350 3291 462 3355 essent,
481 3291 512 3344 et
521 3283 632 3344 Mutina
643 3285 878 3364 praesidiumque
889 3285 919 3343 iu
933 3283 1065 3361 periculo
1077 3293 1171 3357 esset,

206 3368 239 3426 L.
254 3365 378 3427 Manlius
398 3375 519 3445 praetor
538 3367 583 3426 ira
597 3383 739 3428 accensus
754 3367 876 3427 effusum
898 3383 1004 3442 agmen
1026 3368 1063 3427 ad
1078 3366 1172 3427 Muti-

174 3456 274 3507 anam
289 3447 378 3508 ducit.
410 3448 498 3509 silvae
513 3455 585 3508 tunc
596 3451 674 3510 circa
687 3451 763 3510 riam
776 3455 862 3510 erant
874 3447 1023 3527 plerisque
1035 3449 1173 3509 incultis,

207 3527 249 3587 ibi
262 3528 445 3606 inexplorato
463 3530 614 3608 profectus
627 3533 659 3591 in
673 3531 795 3592 insidias
810 3531 1036 3610 praecipitatur,
1057 3531 1174 3594 multa-
