2542 3956
177 175 238 240 362
343 189 438 232 urens
451 190 542 232 mu.
560 190 629 234 our.
644 178 688 233 41.
703 179 747 232 42.
764 165 804 251 [e.
819 193 851 234 u.
867 193 893 234 c.
907 171 970 254 dte]

137 346 167 398 tn
181 340 289 401 Locros
313 337 438 400 traiecit.
480 339 537 398 iam
562 337 632 398 iude
661 336 809 399 Bomilcar
833 337 869 398 ad
900 338 1074 403 Hannonem
1102 345 1135 407 ln

177 422 309 484 Bruttios
322 422 473 502 proiectus
483 430 558 492 erat,
574 428 604 482 et
614 420 778 483 Locrenses
786 423 888 502 portes
902 421 1041 486 Romanis
1051 424 1135 488 clau·

176 513 290 568 serunt.
319 507 431 586 Appius
450 523 557 585 magno
578 512 686 566 conatu
710 504 791 567 nulla
813 523 847 566 re
866 515 948 585 gesta
970 507 1134 572 Messanam

177 609 211 652 re
233 593 295 652 etit.

136 681 168 734 te
212 610 349 735 plladem
365 680 474 734 aestate
485 669 641 734 Marcellus
657 669 694 733 ab
710 671 798 743 Nola,
813 691 901 752 quam
918 674 1065 753 praesidio
1080 676 1134 738 ob·

178 757 306 828 tinebat,
324 755 444 818 crebras
461 757 652 818 excursiones
668 757 818 835 inagnum
833 757 991 837 Hirpinum
1005 767 1036 820 et
1050 760 1135 822 Sam·

135 844 254 904 ttnites
279 840 424 904 Caudinos
449 841 534 912 iecit,
569 840 702 920 adeoque
726 841 825 902 omnia
850 841 931 903 terro
958 850 1051 924 atque
1073 846 1135 923 igni

178 926 312 995 vastarit,
330 931 363 986 ut
377 926 563 1004 antiquarum
581 921 709 985 cladium
721 923 841 986 Samnio
856 927 1031 988 memoriam
1047 945 1134 989 reno·

152 1017 165 1069 1
180 1016 270 1072 naret.
301 1007 387 1070 XLII.
411 1009 512 1088 ltaque
527 1006 674 1088 extemplo
688 1006 778 1086 legati
792 1007 829 1068 ad
843 1007 1038 1072 Hannibalem
1053 1013 1135 1074 missi

147 1092 263 1154 ssimul
278 1112 315 1154 ex
327 1101 451 1172 utraque
466 1097 554 1171 gente
569 1093 610 1153 ita
623 1091 756 1152 Poenum
770 1090 897 1153 adlocuti
912 1100 995 1154 sunt:
1011 1091 1135 1165 „hostes

176 1175 278 1256 populi
298 1175 435 1247 Romani,
461 1174 619 1247 Hannibal,
645 1175 754 1236 lulmus
772 1177 901 1255 primum
920 1194 974 1256 per
996 1179 1132 1258 nosipsi,
1208 1207 1209 1210 ¹

145 1259 270 1340 dquoud
282 1267 382 1321 nostra
394 1277 484 1338 arma,
501 1267 618 1321 nostrae
629 1258 706 1322 vires
716 1277 770 1321 nos
782 1261 871 1320 tutari
884 1266 1030 1340 poterant
1052 1249 1133 1341 post·

176 1361 264 1424 quem
280 1343 327 1405 bis
342 1362 447 1424 parum
461 1342 638 1415 fidebamus,
654 1343 768 1424 Pyrrho
784 1345 849 1422 regi
862 1361 917 1404 uos
931 1344 1133 1416 adiunximus;

177 1447 194 1488 a
213 1446 272 1507 quo
283 1427 491 1509 relictipaeem
506 1429 702 1490 necessariam
720 1427 903 1507 accepimns,
919 1425 1087 1508 fuimusque
1103 1431 1133 1490 in

176 1529 210 1572 ea
227 1529 282 1591 per
294 1530 387 1574 annos
400 1529 494 1592 prope
511 1513 721 1592 quinquaginta
736 1510 816 1572 adid
833 1518 965 1591 tempus,
983 1531 1041 1592 quo
1056 1515 1134 1574 tuin

147 1594 287 1656 titaliam
300 1597 414 1657 venisti.
438 1603 487 1658 tua
500 1614 554 1658 nos
566 1614 625 1658 non
640 1597 734 1674 magis
749 1594 1031 1675 moesiarumque
1046 1615 1133 1676 quam

174 1679 262 1740 unico
289 1681 410 1741 comitas
435 1697 470 1741 ac
496 1679 663 1756 benignitas
685 1696 756 1758 erga
787 1680 863 1740 cives
894 1686 1025 1750 nostros,
1059 1697 1133 1758 quos

175 1767 276 1840 captos
288 1761 374 1820 nobis
385 1763 532 1831 remisisti,
548 1763 588 1822 ita
602 1760 768 1824 conciliavit
784 1761 847 1833 tibi,
862 1767 896 1824 ut
906 1769 936 1824 te
950 1761 1029 1824 saluo
1044 1771 1133 1843 atque

174 1842 316 1904 incolumi
336 1843 430 1905 amico
451 1861 511 1906 uon
534 1845 622 1908 modo
641 1845 784 1927 populum
812 1847 992 1917 Romanum,
1016 1848 1068 1910 sed
1095 1866 1133 1909 ne

144 1925 246 1990 ndens
265 1927 384 2010 quidem
406 1929 511 2001 iratos,
533 1931 558 1990 si
580 1928 625 1991 ias
646 1937 690 1991 est
706 1928 779 1999 dici,
803 1932 984 1994 timeremus.
1014 1940 1044 1992 at
1063 1930 1133 1992 her·

175 2011 240 2075 cule
256 2031 316 2075 uon
330 2012 425 2075 solum
434 2013 575 2075 incolumi
590 2021 620 2076 et
631 2016 755 2084 victore,
771 2013 824 2075 sed
838 2022 993 2094 praesente
1008 2022 1046 2085 te,
1063 2031 1131 2075 cum

174 2095 321 2176 ploratum
337 2115 432 2177 prope
447 2099 605 2177 coniugum
621 2117 657 2160 sc
674 2096 835 2160 liberorum
853 2105 1022 2161 nostrorum
1043 2116 1132 2159 exau·

175 2179 239 2241 dire
254 2188 284 2242 et
294 2180 447 2259 flagrantia
458 2189 534 2260 tecta
545 2201 648 2262 posses
659 2183 840 2261 conspicere,
856 2182 898 2244 ite
909 2200 1009 2244 sumus
1020 2181 1132 2262 aliquo·

174 2265 251 2325 tiens
261 2265 318 2326 bec
329 2273 439 2328 aestate
454 2265 608 2338 devastati,
623 2275 657 2329 ut
670 2266 708 2332 bl.
724 2265 894 2338 Marcellus,
910 2284 971 2328 non
986 2264 1134 2328 Hannibal

175 2349 279 2411 vicisse
294 2350 330 2411 ad
351 2350 465 2412 Cannas
480 2350 627 2422 videatur,
650 2349 874 2431 glorienturque
891 2349 1017 2412 Romani
1031 2357 1076 2421 te,
1096 2349 1132 2411 ad

174 2449 267 2494 unum
279 2433 367 2495 modo
377 2436 468 2496 ictum
486 2436 648 2514 rigentem,
661 2433 739 2496 velut
758 2432 860 2496 aculeo
878 2435 985 2496 emisso
1001 2441 1132 2515 torpere.

144 2525 230 2596 oper
248 2535 342 2579 anuos
358 2526 475 2581 eentum
492 2535 560 2580 cum
581 2517 691 2600 populo
703 2518 836 2581 Romano
857 2515 967 2579 bellurn
989 2519 1133 2597 gessimus

175 2599 256 2663 nullo
272 2610 395 2665 externo
412 2601 504 2665 adiuti
518 2620 574 2665 neo
588 2603 662 2665 duce
676 2620 732 2664 nec
747 2603 892 2672 exercitu,
914 2603 970 2662 nisi
985 2603 1063 2682 quod
1078 2619 1134 2682 per

173 2681 327 2747 biennium
345 2687 480 2766 Pyrrhus
501 2695 603 2750 nostro
622 2687 716 2766 magis
740 2685 833 2747 milite
859 2703 927 2747 suas
950 2688 1030 2747 auxit
1044 2687 1131 2755 vires,

143 2773 259 2844 squam
275 2771 336 2830 suis
354 2771 464 2832 viribus
480 2789 534 2833 nos
555 2771 695 2834 defendit.
737 2787 798 2831 non
814 2787 868 2848 ego
887 2767 1025 2830 secundis
1039 2767 1131 2829 rebus

174 2851 283 2912 nostris
297 2851 460 2927 gloriabor,
480 2854 553 2915 duos
569 2855 704 2915 consules
719 2871 753 2915 ac
768 2853 841 2916 duos
861 2852 1028 2916 consulares
1045 2868 1131 2911 exer·

175 2935 249 2996 citus
264 2931 300 2994 ab
318 2933 404 2995 nobis
419 2932 474 2996 sub
489 2937 590 3011 iugum
604 2941 725 3007 missos,
747 2945 776 2996 et
796 2939 821 2998 si
842 2956 899 3018 qua
913 2935 968 2997 alia
983 2941 1034 2996 aut
1053 2932 1131 2996 lacte

146 3017 362 3097 sautgloriosa
377 3017 640 3080 uobisevenerunt.
668 3037 742 3098 quse
754 3038 858 3098 aspera
870 3019 1132 3099 adversaquetunc

174 3101 358 3173 acciderunt,
375 3104 490 3164 minore
504 3099 707 3181 indignatione
721 3104 836 3164 reterre
857 3121 1027 3181 possumus,
1043 3119 1132 3182 quam

142 3193 250 3266 equae
270 3185 358 3247 hodie
380 3188 527 3247 eveniunt.
574 3187 674 3265 magni
702 3186 860 3248 dictatores
889 3205 956 3248 cum
983 3187 1133 3264 magistris

174 3271 314 3348 equitum,
329 3269 392 3330 bini
406 3269 542 3332 consules
556 3288 623 3331 cum
638 3270 715 3331 binis
732 3268 936 3332 consularibus
954 3267 1132 3331 exercitibus

173 3352 415 3427 ingrediebantur
436 3355 503 3415 linis
525 3362 655 3423 nostros;
682 3360 749 3416 ante
770 3352 922 3432 explorato
941 3360 971 3414 et
993 3350 1133 3414 subsidiis

133 3435 165 3484 to
176 3433 277 3505 positis
292 3442 321 3492 et
335 3436 389 3495 sub
406 3439 497 3514 signis
511 3437 547 3497 ad
568 3437 767 3517 populandum
782 3435 944 3497 ducebant:
967 3453 1047 3497 nunc
1062 3453 1134 3514 pro·
