2542 3956
279 357 281 361 -
305 333 401 378 urana
412 333 504 378 xxm.
527 331 595 377 oar.
610 319 654 372 tt.
671 320 712 374 30.
729 309 769 396 [a.
785 315 820 378 0.
835 311 897 396 tto]
1019 321 1081 384 349

120 499 196 562 quae
217 487 407 561 posteaquam
432 480 538 543 litteris
557 480 727 560 Scipionum
744 481 856 543 Romae
870 479 984 561 uolgata
1002 491 1077 554 sunt,
1092 490 1125 545 lt

121 583 182 626 non
201 573 263 626 tam
282 566 404 625 victoria
424 583 513 645 quam
532 565 682 646 prohibito
704 563 895 627 Hasdrubalis
919 568 951 625 in
970 565 1082 629 ltaliam

120 649 246 710 transitu
261 647 454 711 laetabantur.

184 731 273 794 XXX.
317 733 392 795 Dum
416 732 489 794 haec
509 735 541 794 in
561 733 701 812 Hispania
730 739 887 810 geruntur,
916 731 1026 794 Petelia
1050 735 1110 794 inl

121 815 244 878 Bruttiis
271 815 382 896 aliquot
405 824 473 896 post
495 816 647 878 mensibus
671 833 760 894 quam
787 822 892 896 coepta
917 817 1084 895 oppugnari

5 907 6 942 ὲ
121 905 187 961 erat
208 899 245 960 ab
266 897 431 962 Himilcone
459 901 610 981 praelecto
635 898 808 962 Hannibalis
832 908 997 980 expugnata
1026 907 1080 962 est.

4 993 6 1058 Γ
121 981 214 1045 multo
230 985 373 1062 sanguine
384 1003 419 1044 ac
433 982 603 1046 volneribus
615 984 766 1045 ea'Poenls
777 985 899 1045 victoria
914 985 1011 1053 stetit,
1028 994 1111 1046 neca

120 1066 181 1128 ulla
191 1067 286 1144 magis
298 1068 341 1128 vis
351 1067 487 1130 obsessos
498 1086 586 1149 quam
599 1068 692 1128 fames
707 1070 893 1146 expugnarit.
917 1067 1109 1147 absumptiso

122 1152 201 1211 enim
218 1150 337 1229 frugum
358 1150 504 1212 alimentis
524 1153 680 1230 carnisque
700 1153 806 1212 omnis'
817 1153 934 1228 generis
955 1153 1082 1231 quadru-

120 1233 230 1313 pedum
246 1242 347 1296 suetae
364 1237 575 1314 insertaeque,
597 1242 747 1314 postremo
767 1236 854 1295 coriis
878 1235 1037 1316 herbisque
1053 1244 1083 1296 et

120 1317 271 1380 radicibus
286 1326 316 1378 et
326 1318 485 1379 corticibus
496 1319 607 1378 teneris
621 1320 789 1396 strictisque
803 1318 881 1378 loliis
896 1321 1009 1390 vixere,
1027 1330 1113 1381 nect

122 1408 205 1472 ante,
229 1419 316 1480 mam
332 1402 409 1462 vires
429 1402 466 1464 ad
488 1401 624 1462 standum
647 1403 677 1461 in
694 1403 787 1462 muris
803 1401 984 1482 ferendaque
1002 1421 1083 1466 arma

123 1482 261 1555 deerant,
278 1487 435 1564 expugnati
452 1492 530 1546 sunt.
560 1492 680 1565 recepta
693 1484 803 1546 Petelia
824 1485 939 1546 Poenus
954 1485 991 1546 ad
1007 1487 1112 1548 Gon-5

122 1568 246 1629 sentiam
262 1570 363 1646 copias
377 1569 522 1641 traducit,
546 1578 634 1649 quam
656 1571 753 1629 minus
773 1570 963 1648 pertinaciter
982 1569 1084 1630 deleu-

122 1669 186 1712 sam
199 1651 279 1712 intra
293 1670 402 1730 paucos
420 1653 483 1714 dies
496 1655 528 1712 in
539 1652 717 1714 deditionem
733 1655 855 1732 accepit.
880 1653 974 1714 isdem
990 1654 1113 1715 iermeo

123 1734 228 1797 diebus
239 1743 269 1796 et
279 1736 461 1798 bruttiorum
474 1739 619 1798 exercitus
633 1737 800 1805 Crotonem,
816 1737 958 1798 Graecam
969 1737 1083 1808 urbem,

124 1819 327 1890 circumsedit,
343 1820 511 1900 opulentam
526 1820 674 1900 quondam
690 1822 780 1881 armis
796 1821 935 1902 virisque,
951 1828 1014 1882 tum
1025 1823 1084 1882 iam

123 1902 197 1963 adeo
212 1901 313 1963 multis
328 1906 501 1983 magnisque
520 1904 651 1964 cladibus
667 1897 828 1974 adflictam,
845 1913 877 1964 ut
893 1906 989 1966 omnis
1005 1911 1084 1965 aeta·

124 1987 162 2046 tis
188 1987 287 2047 minus
310 1985 368 2048 duo
391 1987 472 2048 milia
493 1989 599 2048 cirimn
618 1996 816 2066 superessent.
851 1989 950 2067 itaque
969 1988 1045 2049 urbe
1067 1998 1110 2050 at

125 2068 329 2132 defensoribus
351 2078 431 2131 vasta
454 2069 539 2132 facile
559 2072 643 2151 potiti
663 2069 762 2130 hostes
788 2077 871 2137 sunt:
896 2090 949 2131 arx
970 2078 1084 2131 tautum

124 2160 255 2224 retenta,
276 2155 308 2214 in
332 2173 420 2233 quam
439 2156 519 2215 inter
540 2153 696 2214 tumultum
721 2160 823 2232 captae
848 2152 931 2214 urbis
951 2172 967 2215 e
988 2154 1085 2214 media

125 2235 216 2296 caede
227 2238 347 2316 quidam
359 2238 499 2315 elingere.
524 2245 555 2297 et
569 2238 731 2297 Locrenses
743 2236 892 2297 descivere
904 2237 940 2298 ad
955 2237 1086 2298 Bruttios
1097 2245 1115 2298 8

127 2318 302 2398 Poenosque
314 2320 431 2400 prodita
446 2319 633 2380 multitudine
653 2319 871 2399 aprincipibus.
898 2321 1004 2398 Regini
1021 2326 1115 2381 tan-9
1169 2327 1173 2334 '

126 2402 279 2464 tummodo
293 2405 423 2482 regionis
444 2403 506 2465 eius
528 2412 558 2465 et
579 2405 610 2463 in
626 2403 683 2464 nde
704 2421 774 2481 erga
789 2404 937 2465 Romanos
954 2411 984 2464 et
999 2410 1084 2483 pote·

126 2487 210 2546 statis
224 2504 294 2547 suae
310 2486 347 2547 ad
364 2486 499 2548 ultimum
515 2495 696 2548 manserunt.

189 2568 359 2632 lnSiciiiam
366 2590 482 2651 quoque
492 2572 594 2632 eadem
606 2572 928 2632 inclinatioanimorum
938 2573 1081 2651 pervenit,
1095 2580 1129 2632 lo

127 2659 158 2714 et
168 2670 206 2713 ne
220 2652 325 2715 domus
343 2655 461 2734 quidem
475 2656 612 2716 llieronis
629 2664 689 2715 tota
706 2655 742 2715 ab
759 2655 924 2716 delectione
935 2654 1085 2718 abstinuit.

127 2753 255 2818 namque
267 2736 353 2809 Gelo,
369 2735 513 2800 maximus
529 2741 629 2818 stirpis
644 2746 812 2818 contempta
830 2738 917 2800 simul
932 2746 1083 2800 senectute
1096 2747 1127 2798 11

126 2823 237 2901 patris,
258 2821 346 2882 simul
366 2830 433 2901 post
447 2822 630 2884 Cannensem
651 2821 764 2882 cladem
792 2823 924 2884 liomana
944 2825 1085 2885 societate

127 2904 165 2966 ad
180 2905 295 2967 Poenos
316 2904 437 2977 deiecit,
459 2910 654 2986 movissetque
678 2908 709 2966 iu
729 2906 828 2967 Sicilia
848 2926 910 2978 res,
931 2908 988 2968 nisi
1004 2925 1084 2968 mors
1097 2915 1129 2966 12

127 2989 201 3050 adeo
217 2998 398 3069 opportuna,
414 2999 447 3052 ut
461 2998 576 3070 patrem
591 3008 709 3071 quoque
723 2992 889 3070 suspicione
904 2999 1084 3072 aspergeret,

128 3082 292 3132 armantem
311 3092 379 3134 eum
399 3075 614 3136 multitudinem
634 3073 898 3154 sollicitantemque
920 3077 1016 3136 socios
1034 3073 1086 3133 ab·

128 3156 308 3232 sumpsisset
340 3156 414 3216 haec
435 3175 471 3217 eo
491 3176 568 3218 auno
584 3156 723 3226 initalia,
746 3159 776 3216 in
793 3158 906 3226 Africa,
929 3159 960 3215 in
976 3155 1083 3228 Sicilia,

128 3241 160 3299 iu
175 3237 314 3317 Hispania
327 3241 409 3297 vario
423 3247 527 3299 eventu
543 3246 617 3300 acta.
882 3288 893 3306 χ

190 3321 277 3382 Exitu
300 3323 369 3402 anni
383 3322 417 3393 Q.
433 3322 541 3383 Fabius
555 3322 698 3382 illeximus
714 3340 730 3382 a
745 3328 848 3382 senatu
861 3321 1030 3402 postulavit,
1050 3331 1083 3384 ut
1095 3331 1127 3384 ta

128 3406 233 3468 aedem
245 3404 366 3465 Veneris
379 3406 537 3477 Erucinae,
554 3424 641 3484 quam
654 3407 778 3466 dictator
790 3408 928 3476 vovisset,
946 3406 1084 3468 dedicare

129 3490 242 3553 liceret.
273 3498 391 3550 senatus
414 3490 556 3557 decrerit,
577 3498 610 3549 ut
630 3489 674 3549 Ti.
691 3490 882 3570 Sempronius
904 3489 1006 3552 consul
1028 3490 1079 3552 de·
1092 3499 1126 3550 14

119 3577 278 3657 vsignatus,
306 3590 372 3636 cum
398 3575 528 3656 primum
554 3572 699 3636 honorem
722 3575 840 3651 inisset,
874 3576 911 3637 ad
938 3575 1082 3656 populum
