2532 3938
188 199 230 262 ³0
327 213 504 256 -nrnnnvrn
520 213 589 256 cnr.
604 199 647 254 28.
662 199 695 251 29
720 199 753 251 30
781 189 807 273 [a
840 213 859 254 n
886 213 901 252 c
927 189 988 273 art]

188 359 277 421 ambo
297 362 413 440 patricii
435 360 571 422 consides
596 362 687 421 creati
707 368 789 430 sunt,
818 359 856 420 M.
885 357 1018 420 Valerius
1035 358 1147 420 Corvus
1246 367 1247 374 ’

189 445 308 504 tertium
326 447 359 504 Α.
376 444 530 505 Cornelius
547 446 661 506 Cossus.

162 534 176 586 1
250 526 351 588 XXIX.
384 527 494 588 Maiora
516 530 574 588 iam
596 528 665 587 hinc
689 525 766 587 bella
790 533 820 586 et
842 525 953 588 viribus
973 527 1101 588 hostium
1117 535 1147 586 et
1247 539 1248 560 ³

188 605 401 690 longinquitate
417 609 462 670 vel
477 613 632 688 regionum
644 609 689 670 vel
703 619 869 690 temporum
886 608 1025 691 [spatio],
1041 606 1149 688 quibus

187 692 328 755 bellatum
344 702 402 764 est,
420 693 564 755 dicentur.
595 712 722 774 namque
738 713 773 753 eo
788 711 866 754 anno
881 693 1019 755 adversus
1032 693 1147 754 Samni·
1248 739 1249 742 η

158 785 246 844 ttes,
268 787 386 856 gentem
403 777 508 856 opibus
526 779 672 856 armisque
690 776 828 847 validam,
851 785 929 838 mota
944 796 1040 846 arma;
1064 778 1148 837 Sam·

189 863 294 923 uitium
309 860 418 921 hedum
439 863 558 940 ancipiti
573 862 666 922 Marte
687 870 801 939 gestum
819 861 929 938 Pyrrus
948 862 1054 931 hostis,
1076 860 1149 938 Pyr·
1249 901 1250 904 ,

189 962 255 1005 rum
272 945 364 1006 Poeni
388 945 490 1004 secuti.
520 953 628 1023 quanta
649 963 749 1005 rerum
768 942 873 1004 moles!
894 946 1031 1023 quotiens
1052 946 1082 1002 in
1098 961 1148 1003 ex·

189 1035 283 1088 trema
306 1026 507 1106 periculorum
531 1038 665 1097 ventum,
693 1037 726 1088 ut
751 1029 783 1088 in
808 1028 885 1087 hanc
905 1026 1147 1106 magnitudinem,

161 1117 263 1188 atquae
278 1112 324 1170 vix
341 1112 515 1182 sustinetur,
539 1115 613 1191 erigi
632 1113 791 1192 imperium
811 1113 924 1190 posset!
958 1110 1029 1172 belli
1050 1118 1149 1171 autem

190 1211 277 1254 causa
300 1212 367 1254 cum
385 1195 564 1257 Samnitibus
579 1197 733 1267 Romanis,
758 1214 825 1256 oum
846 1197 985 1256 societate
1006 1195 1148 1254 amicitia-

192 1296 248 1356 que
273 1277 363 1338 iuncti
379 1287 492 1349 essent,
513 1283 697 1341 extrinsecus
715 1281 806 1351 venit,
824 1297 883 1340 non
899 1288 962 1341 orta
977 1280 1056 1340 inter
1069 1279 1149 1357 ipsos

162 1368 243 1423 test.
277 1363 424 1424 Samnites
444 1361 581 1426 Sidicinis
607 1367 713 1426 iniusta
735 1383 831 1432 arma,
857 1366 925 1444 quia
951 1362 1060 1423 viribus
1083 1360 1150 1441 plus

188 1453 340 1524 poterant,
363 1465 430 1507 cum
445 1447 627 1518 minuissent,
650 1451 744 1509 coacti
758 1451 862 1527 inopes
876 1448 912 1508 ad
931 1447 1148 1526 opulentiorum

161 1528 329 1590 taurilium
347 1530 521 1607 coningere,
539 1533 694 1610 Campanis
708 1551 772 1592 sese
788 1534 980 1608 coniungunt.
1010 1529 1149 1609 Campani

189 1615 282 1689 magis
306 1631 415 1672 nomen
440 1613 475 1671 ad
502 1615 681 1692 praesidium
706 1617 853 1674 sociorum
875 1631 963 1692 quam
982 1614 1061 1672 vires
1081 1631 1149 1673 cum

190 1695 370 1764 attulissent,
392 1695 516 1755 ssuentes
537 1697 608 1756 luxu
626 1697 661 1756 ab
679 1698 790 1758 duratis
809 1713 865 1757 usu
886 1706 1037 1756 armorum
1057 1698 1088 1755 in
1104 1697 1149 1756 Sl·

190 1777 286 1838 dioino
306 1776 383 1856 pulsi
406 1795 494 1855 agro,
516 1781 546 1839 in
567 1798 599 1839 se
615 1778 721 1840 deinde
737 1778 844 1839 molem
863 1796 981 1839 omnem
999 1778 1070 1839 belli
1083 1798 1150 1840 vcr-

162 1865 299 1922 6terunt.
332 1878 459 1940 namque
476 1862 622 1922 Samnites
643 1865 759 1924 omissis
773 1864 911 1923 Sidicinis
932 1864 1024 1940 ipsam
1050 1879 1149 1923 arcem

189 1945 381 2005 finitimorum
403 1945 567 2023 Campanos
589 1945 700 2016 adorti,
728 1946 807 2007 unde
831 1964 923 2026 aeque
944 1945 1038 2005 iacllis
1058 1947 1149 2006 ricto·

191 2030 248 2099 ria,
271 2027 398 2106 praedae
416 2037 503 2106 atque
523 2027 634 2107 gloriae
649 2029 714 2107 plus
734 2038 826 2100 esset,
847 2030 958 2098 Tifata,
978 2029 1150 2088 inminentis

191 2111 306 2190 Capuae
322 2109 419 2180 collis,
443 2129 510 2172 cum
529 2112 676 2192 praesidio
694 2115 778 2173 drmo
794 2119 1000 2192 occupassent,
1027 2110 1150 2172 descen·

191 2194 264 2255 dunt
285 2193 353 2254 inde
375 2194 519 2272 quadrato
541 2198 657 2275 agmine
681 2198 712 2257 in
733 2195 899 2276 planitiem,
923 2213 997 2274 quae
1022 2195 1150 2272 Capuam

163 2278 344 2356 t'liiataqne
360 2279 524 2340 interiacet.
554 2281 596 2342 ibi
611 2299 714 2342 rursus
730 2283 792 2342 acie
811 2281 996 2348 dimicatum;
1012 2277 1151 2340 adverso·

190 2381 248 2444 que
265 2360 380 2440 proelio
398 2363 539 2442 Campani
555 2366 631 2425 intra
648 2367 764 2425 moenia
783 2363 931 2444 conpulsi,
957 2380 1024 2424 cum
1040 2359 1151 2421 robore

190 2447 348 2507 iuventutis
367 2464 438 2506 suae
460 2449 557 2508 acciso
575 2447 655 2508 nulla
676 2451 842 2527 propinqua
862 2465 930 2526 spes
945 2452 1035 2515 esset,
1057 2443 1152 2504 coacti

190 2528 309 2591 suntab
324 2529 465 2590 Romanis
483 2540 586 2610 petere
603 2531 752 2591 auxilium.

163 2623 177 2673 1
250 2613 338 2674 XXX.
366 2614 469 2692 Legati
490 2615 650 2675 introducti
672 2617 703 2674 in
726 2621 860 2674 senatum
874 2613 1000 2672 maxime
1021 2612 1053 2672 in
1073 2610 1151 2670 hanc

190 2698 366 2759 sententiam
387 2696 479 2758 locuti
502 2707 585 2759 sunt:
608 2697 762 2778 „populns
781 2715 836 2756 nos
852 2698 1017 2774 Campanus
1039 2692 1152 2771 legatos

190 2780 228 2841 ad
244 2797 311 2850 vos,
327 2788 428 2858 patres
446 2783 619 2861 conscripti,
641 2783 721 2842 misit
735 2781 891 2841 amicitiam
911 2782 942 2838 in
963 2785 1150 2858 perpetuum,

162 2862 330 2925 2auxilium
356 2881 496 2940 praesens
522 2883 538 2924 a
564 2865 645 2925 vohis
673 2867 805 2944 petitum.
851 2881 938 2943 qumn
964 2864 990 2922 si
1012 2860 1151 2922 secundis

190 2946 281 3007 rebus
298 2948 407 3006 nostris
429 2949 618 3027 petissemus,
641 2950 717 3009 sicut
734 2955 836 3026 coepta
852 2946 991 3016 celerius,
1013 2947 1053 3006 ita
1068 2944 1150 3004 indr-

191 3033 286 3093 miore
310 3029 428 3090 vinculo
459 3041 609 3092 contracta
631 3039 717 3094 esset.
763 3039 832 3092 tnnc
857 3033 951 3101 enirn,
978 3037 1011 3091 ut
1037 3030 1088 3108 qui
1114 3045 1150 3088 ex

191 3133 285 3195 aequo
313 3132 367 3174 nos
395 3117 509 3176 venisse
534 3118 565 3176 in
594 3117 750 3177 amicitiam
782 3117 1031 3184 meminissemus,
1061 3113 1149 3172 amici

192 3199 314 3260 forsitan
339 3200 451 3277 pariter
476 3217 510 3260 ac
532 3219 625 3270 nunc,
656 3199 779 3261 subiecti
806 3208 893 3278 atque
919 3197 1038 3258 obnoxii
1066 3193 1150 3256 vobis

164 3285 289 3344 ominus
301 3301 448 3354 essemus;
477 3302 569 3354 nuuc,
588 3283 790 3346 misericordia
802 3291 898 3343 vestra
910 3280 1056 3342 conciliati
1066 3279 1148 3338 auxi-

192 3365 290 3444 lioque
311 3367 343 3425 in
358 3366 454 3430 dubiis
468 3367 557 3428 rebus
572 3369 700 3438 dolensi,
721 3367 896 3428 beneficium
912 3382 1029 3444 quoque
1044 3380 1149 3441 accep·

192 3446 400 3512 tuna-colamus
420 3459 550 3531 oportet,
575 3470 612 3512 ne
631 3453 741 3529 ingrati
761 3460 849 3529 atque
869 3449 950 3510 omni
970 3465 1026 3526 ope
1051 3446 1149 3506 diviua
