2546 3936
210 189 249 250 80
384 203 478 243 urcnn
493 201 562 244 vur.
579 201 648 244 our.
664 187 707 240 29.
722 187 765 242 30.
782 178 821 261 [e.
837 203 867 241 u.
884 202 910 242 o.
926 177 986 262 429]

208 361 294 431 atque
316 349 430 412 urendo
449 356 525 410 tecta
546 349 675 410 hostium
697 358 816 427 sataque
831 348 862 407 in
881 347 974 408 aciem
992 347 1097 408 inritos
1117 367 1174 410 ex·

167 411 198 494 n
210 436 313 504 traxit,
330 441 360 494 et
374 435 414 493 iia
429 431 542 530 proelio
554 451 613 492 uno
624 433 730 493 accidit
740 432 926 493 Vestinorum
937 449 1001 500 res,
1017 431 1172 509 haudqua-
1250 415 1251 512 l

208 537 295 598 quem
312 523 412 578 tamen
428 518 584 577 incruento
600 515 691 576 milite
709 533 777 584 sno,
792 524 825 576 ut
841 532 899 574 non
914 515 946 574 in
961 523 1057 576 eastra
1071 515 1172 578 solum
1250 519 1251 576 i

207 602 378 680 refugerent
397 601 512 671 hostes,
528 599 603 660 sed
595 617 653 660 rem
670 617 707 659 xre
723 598 796 660 vallo
810 599 927 677 quidem
946 616 979 659 ae
995 598 1080 658 lossis
1098 598 1171 660 ireti

208 683 428 747 dilaberentur
419 702 450 744 ιιι
461 685 583 764 oppida,
599 685 657 743 situ
669 683 785 744 urbium
796 681 1010 760 moenibusque
1020 701 1052 741 se
1065 680 1170 742 delen·
1250 689 1251 702 ¹

166 777 198 828 lt
207 771 277 830 suri.
295 778 447 848 postremo
459 768 565 848 oppida
578 785 693 847 quoque
706 769 732 826 vi
744 783 913 847 expugnare
924 766 1058 835 adortus,
1071 767 1170 844 primo

209 855 343 914 Cutinam
369 853 481 930 ingenti
501 851 608 912 ardore
634 850 757 911 militnm
783 868 799 910 a
821 849 974 910 vulnerum
1000 851 1057 917 ira,
1088 849 1169 928 quod

207 937 285 997 baud
303 937 366 995 lere
381 937 535 1014 quisquam
551 936 666 1012 integer
682 933 795 1012 proelio
811 940 990 1004 excesserat,
1015 931 1103 994 scalis
1119 950 1169 993 ce·

166 1027 199 1078 14
209 1022 268 1098 pit,
283 1018 391 1079 deinde
406 1017 569 1095 Cingiliam.
596 1019 748 1097 utriusque
764 1017 845 1078 urbis
862 1017 1001 1096 praedam
1014 1015 1168 1088 militibus,

206 1102 285 1182 quod
301 1120 352 1162 eos
367 1119 462 1184 neque
476 1110 579 1180 portae
596 1119 651 1162 nec
671 1103 747 1162 muri
763 1103 890 1162 hostium
906 1108 1075 1170 annuerant,
1096 1119 1168 1161 con·

208 1188 304 1247 cessit.
559 1209 561 1212 ·

179 1275 193 1326 1
269 1269 356 1330 XXX.
383 1268 416 1329 ln
433 1269 584 1330 Samnium
608 1270 728 1330 incertis
747 1270 819 1330 itum
841 1268 979 1347 auspiciis
1000 1276 1060 1337 est:
1084 1270 1168 1329 onius

206 1354 251 1414 rei
272 1355 371 1414 vitium
393 1371 453 1414 non
476 1352 598 1414 inbelli
620 1363 770 1421 eventum,
792 1352 870 1432 quod
892 1371 1033 1431 prospere
1052 1361 1167 1430 gestum

179 1444 269 1505 test,
295 1437 345 1498 sed
362 1439 392 1497 in
407 1435 520 1497 rabiem
537 1445 623 1517 atque
645 1439 705 1498 iras
730 1439 940 1516 imperatorum
957 1438 1052 1496 vertit.
1085 1454 1166 1497 nam·

206 1540 262 1601 que
274 1522 408 1600 Papirius
425 1521 549 1581 dictator
561 1539 577 1582 a
591 1521 715 1599 pullario
732 1522 860 1581 monitus
874 1538 941 1581 cum
955 1520 991 1580 ad
1003 1520 1166 1597 auspicium

205 1604 399 1682 repetendum
413 1605 536 1664 Romam
549 1605 800 1682 proficisceretur,
820 1605 958 1681 magistro
972 1606 1103 1682 equitnm
1116 1603 1166 1664 de·

206 1688 364 1757 nuntiauit,
379 1696 411 1747 nt
425 1703 490 1746 sese
504 1685 570 1746 Ιοιο
586 1696 714 1758 teneret,
736 1706 794 1748 neu
809 1687 929 1748 absente
943 1705 975 1747 se
991 1706 1058 1748 cum
1080 1688 1165 1748 hoste

180 1776 329 1830 amanum
343 1777 521 1830 consereret.
548 1770 582 1841 Ο.
597 1770 705 1833 Fabius
718 1790 784 1832 oum
800 1780 867 1850 post
880 1771 1093 1851 profectionem
1105 1773 1165 1831 dic·

206 1855 308 1914 tatoris
321 1872 376 1932 per
391 1853 592 1933 exploratores
605 1857 801 1933 conperisset,
818 1856 941 1933 perinde
958 1857 1056 1916 omnia
1071 1853 1165 1915 soluta

206 1937 283 2017 apud
306 1937 406 1998 bostos
421 1956 499 2008 esse,
522 1956 556 1998 ac
577 1939 602 1997 si
620 1956 708 1999 nemo
724 1940 873 2000 Romanus
893 1939 924 1999 in
943 1939 1063 2000 Samnio
1078 1945 1164 2007 esset,

178 2029 258 2082 tseu
276 2021 359 2082 ierox
376 2020 548 2082 adulescens
564 2021 737 2100 indignitate
751 2040 907 2091 accensus,
929 2021 1008 2102 quod
1023 2024 1121 2083 omnia
1135 2024 1165 2082 in

206 2104 348 2165 dictatore
364 2105 533 2165 viderentur
547 2108 674 2185 reposita
689 2123 767 2175 esse,
782 2125 835 2166 seu
847 2107 1002 2167 occasione
1022 2105 1098 2167 bene
1114 2123 1164 2184 ge-

177 2203 179 2208 ·
206 2187 315 2249 rendae
334 2189 378 2249 rei
393 2189 545 2259 inductus,
569 2191 699 2250 exercitu
713 2191 857 2252 instructo
873 2199 1032 2269 paratoque
1048 2189 1164 2269 proiec-

205 2279 251 2332 tus
267 2271 303 2332 ad
324 2271 488 2332 Inbrinium
506 2274 602 2334 -ita
623 2281 726 2334 vocant
743 2273 840 2333 locum
856 2307 897 2318 -
913 2275 976 2334 acie
997 2292 1064 2334 cum
1081 2273 1164 2334 Sam·

179 2355 316 2416 bnitibns
328 2357 467 2416 conllixit.
501 2375 535 2417 ea
549 2356 667 2418 fortuna
678 2375 793 2436 pugnae
807 2357 876 2424 init.
894 2366 926 2418 ut
939 2356 1014 2417 nibil
1027 2356 1165 2418 relictum

204 2441 255 2509 sit,
279 2459 351 2520 quo,
373 2440 398 2500 si
419 2441 560 2500 adfuisset
579 2440 719 2511 dictator,
741 2460 789 2502 res
811 2440 916 2517 melius
935 2442 999 2519 geri
1024 2442 1162 2519 potuerit.

175 2529 264 2584 onon
281 2523 339 2584 dux
357 2523 455 2593 militi,
477 2541 537 2584 non
552 2522 637 2584 miles
657 2523 725 2584 duci
745 2525 846 2585 deluit.
879 2542 969 2605 eques
987 2526 1074 2585 etiam
1095 2541 1165 2585 nuc·

203 2614 267 2667 tore
285 2607 317 2667 L
334 2608 468 2668 Cominio
490 2605 609 2669 tribuno
625 2606 764 2678 militurn,
785 2609 836 2688 qui
858 2608 1032 2688 aliquotiens
1052 2609 1164 2687 impetu

204 2697 289 2766 capto
310 2709 505 2769 perrumpere
526 2708 586 2751 non
608 2699 724 2770 poterat
743 2692 870 2752 hostium
892 2710 1012 2770 agmen,
1038 2692 1165 2752 detraxit

204 2771 306 2831 frenos
320 2775 402 2850 equis
426 2781 513 2852 atque
533 2776 573 2834 ita
594 2776 754 2836 concitatos
776 2775 940 2836 calcaribus
960 2776 1108 2875 permisit,
1131 2783 1164 2835 ut

203 2855 351 2915 sustinere
371 2874 421 2914 eos
438 2857 519 2917 nulla
535 2857 577 2917 ris
597 2866 711 2935 posset:
734 2876 789 2956 per
810 2877 906 2930 arma,
928 2879 982 2938 per
1007 2860 1084 2919 viros
1105 2856 1163 2918 late

177 2945 334 3015 istragem
349 2938 466 2999 dedere.
496 2947 613 2999 secutus
628 2941 741 3018 pedes
733 2951 875 3019 impetum
892 2946 1021 3022 equitum
1038 2941 1163 3003 turbatis

204 3020 337 3083 hostibus
352 3021 450 3084 intulit
472 3024 565 3101 signa.
593 3024 695 3100 viginti
716 3024 794 3085 milia
816 3026 942 3088 hostium
958 3045 1041 3087 caeso
1062 3044 1098 3086 eo
1113 3025 1162 3086 dio
1250 3077 1251 3086 ,

205 3107 370 3168 traduntur.
409 3115 545 3168 auctores
565 3106 660 3168 babeo
682 3108 726 3168 bis
745 3126 812 3169 cum
834 3111 918 3171 hoste
941 3112 1024 3188 signa
1046 3108 1163 3170 conluto
1250 3113 1251 3174 l

118 3256 125 3269 ι
205 3190 346 3251 dictatore
361 3190 497 3262 absente,
515 3191 561 3253 bis
575 3209 637 3252 rem
657 3193 775 3270 egregie
791 3202 915 3270 gestam:
932 3194 1008 3272 apud
1021 3194 1162 3271 antiquis·

204 3276 293 3334 simos
309 3276 469 3354 scriptores
484 3295 542 3337 una
558 3276 630 3336 haec
648 3294 745 3355 pugna
758 3278 921 3346 invenitur:
941 3279 972 3337 in
987 3277 1162 3356 quibusdam

176 3357 358 3418 bannalibus
373 3367 433 3419 tota
447 3377 496 3420 res
512 3361 717 3438 praetermissa
732 3368 784 3421 est.
812 3363 951 3439 magister
968 3363 1113 3441 equitum,
1130 3367 1164 3420 ut

205 3457 242 3499 ex
257 3449 336 3502 tanta
351 3442 454 3514 caede,
471 3444 571 3504 multis
585 3446 694 3522 potitus
705 3444 806 3524 spoliis
818 3455 956 3524 congesta
966 3447 997 3504 in
1009 3446 1164 3524 ingentem
