2546 3936
206 194 268 258 132
396 207 492 248 nm
502 207 546 247 lx.
561 205 630 248 nar.
643 191 688 244 34.
704 190 749 242 35.
764 180 806 256 [a.
818 204 850 243 n.
866 203 893 242 c.
906 176 971 252 4441

163 357 394 418 inclementiori
413 375 430 416 a
451 373 500 416 me
522 351 701 434 appellatum
724 348 843 418 rellem;
855 346 917 408 sed
932 355 963 408 et
976 346 1066 415 haee,
1089 362 1169 425 quae

206 441 304 500 adbuc
318 442 380 518 egi,
396 441 558 520 pervicacia
573 447 622 498 tua
637 444 669 497 et
684 435 821 515 superbia
837 435 934 508 coegit
949 450 997 492 me
1015 430 1109 509 loqui,
1127 437 1168 498 et,

206 526 264 584 nisi
279 524 417 584 Aemiliae
433 522 490 601 legi
505 524 652 602 parueris,
677 522 709 579 in
724 517 837 580 vincula
861 518 929 578 duci
951 513 1075 584 iubebo,
1100 532 1169 584 nec,

162 616 196 666 ι’)
207 626 275 668 cnm
287 609 327 670 ita
341 617 563 687 conparatuma
578 603 737 666 maioribus
753 607 804 673 sit,
827 612 861 664 ut
874 604 1001 662 comitiis
1015 599 1168 668 censoriis,
1250 609 1251 618 ³

205 694 263 753 nisi
284 692 343 752 duo
367 691 551 753 confecerint
574 689 706 768 legitima
728 689 882 766 sullragia,
912 704 971 747 non
996 687 1170 746 renuntiato

119 795 121 800 ·
205 775 299 837 altero
314 778 432 837 comitia
444 776 631 842 differantur,
652 791 708 851 ego
720 782 765 841 te,
787 775 837 851 qui
852 771 933 832 solus
948 787 1054 830 censor
1069 770 1169 829 creari

162 865 266 920 aenon
283 862 392 938 possis,
419 858 515 918 solum
531 875 685 918 censuram
703 874 808 934 gerere
830 854 919 936 [oon]
936 858 1061 934 patiar.“
1093 853 1170 914 baec
1251 881 1252 898 2

203 943 332 1022 taliaque
348 961 415 1003 cum
429 943 564 1010 dixisset,
581 942 687 1021 prendi
700 959 854 1002 censorem
872 949 902 1000 et
918 941 950 998 in
969 937 1083 999 vincula
1100 937 1170 998 duci

205 1026 301 1086 iussit.
334 1023 566 1103 adprobantibus
580 1044 632 1085 sex
649 1026 776 1086 tribunis
794 1028 939 1086 actionem
961 1023 1091 1100 collegae
1106 1031 1170 1082 tres
1252 1079 1253 1102 ,

204 1107 366 1186 appellanti
384 1109 479 1188 Appio
499 1109 608 1170 auxilio
628 1110 763 1181 luerunt,
784 1127 957 1188 summaque
978 1107 1088 1168 inridIa
1103 1125 1169 1166 orn·
1252 1113 1253 1118 ’

205 1192 288 1252 nium
303 1191 440 1252 ordinum
455 1191 535 1253 solus
551 1211 705 1254 censuram
721 1196 821 1271 gessit

180 1282 194 1332 1
269 1273 381 1336 XXXV.
410 1275 540 1338 [lumea
562 1277 674 1338 llornae
701 1287 862 1356 geruntur,
887 1269 1102 1337 iam‘Sutrium
1129 1271 1168 1334 ab
1253 1319 1254 1352 3

204 1356 336 1420 Etruscis
351 1358 555 1432 obsidebatur,
572 1361 744 1440 consulique
758 1361 848 1422 Fabio
864 1362 931 1420 imis
949 1359 1098 1420 montibus
1113 1357 1168 1418 du·

206 1444 285 1503 centi
301 1443 338 1503 ad
349 1444 502 1506 ferendam
518 1463 605 1524 opem
620 1447 708 1505 sociis
724 1445 967 1524 temptandasque
977 1444 1167 1510 munitiones,

176 1527 231 1585 2si
246 1545 303 1606 qua
322 1535 436 1606 posset,
456 1531 535 1588 acies
552 1529 681 1589 bostium
702 1530 846 1588 instructa
866 1530 1012 1596 occurrit;
1038 1542 1168 1604 quorum

205 1609 357 1688 ingentem
372 1610 591 1672 multitudinem
613 1630 681 1672 cum
698 1611 869 1670 ostenderet
883 1611 1015 1670 subiecta
1030 1609 1089 1669 late
1105 1607 1169 1688 pla·

206 1695 308 1761 uities,
320 1692 438 1760 consul,
452 1701 485 1753 ut
497 1692 563 1754 loco
573 1697 749 1773 paucitatem
763 1713 885 1754 suorum
900 1694 1058 1761 adiuvaret,
1076 1693 1170 1752 ilectit

205 1773 356 1854 paululum
370 1777 402 1836 in
417 1775 507 1836 clivos
522 1795 628 1854 agmen
638 1787 808 1856 -aspreta
824 1786 909 1838 erant
923 1785 1014 1838 strata
1027 1778 1106 1836 saxis
1115 1809 1168 1846 -,
1255 1769 1256 1784 ¹

177 1859 275 1919 Sinde
293 1860 377 1936 signa
398 1860 429 1918 in
451 1860 568 1920 hostem
591 1861 726 1922 obvertit.
756 1861 873 1922 Etrusci
888 1862 1019 1922 omnium
1034 1868 1169 1939 praeter·

206 1960 294 2022 quam
313 1943 508 2004 multitudinis
522 1960 607 2013 suae,
628 1963 684 2022 qua
705 1944 767 2008 sola
788 1946 856 2008 ireti
871 1953 969 2016 erant,
986 1945 1169 2004 inmemores

205 2025 351 2106 proelium
368 2028 471 2086 ineunt
484 2027 560 2088 adeo
578 2031 685 2106 raptim
701 2037 732 2089 et
745 2030 841 2100 avide,
865 2039 898 2088 ut
912 2029 1035 2088 abiectis
1051 2025 1169 2088 missili·
1256 2023 1257 2042 ¹

205 2107 277 2178 bus,
292 2127 350 2188 quo
365 2109 491 2171 celerius
506 2129 610 2170 manus
628 2120 834 2183 consererent,
855 2114 1037 2190 stringerent
1055 2109 1169 2188 gladios

179 2192 347 2252 tradentes
358 2194 389 2252 in
400 2194 529 2254 hostem:
545 2196 695 2256 Romanus
706 2204 809 2256 contra
823 2215 901 2257 nunc
913 2194 984 2264 tela,
998 2212 1076 2256 nune
1089 2211 1168 2264 saxa,

178 2275 315 2356 dquibus
335 2294 387 2336 eos
406 2278 527 2338 adfatim
543 2276 626 2338 loeus
648 2281 711 2358 ipse
726 2279 872 2349 armabat,
894 2281 1042 2358 ingerere.
1078 2279 1170 2355 igitur

206 2369 289 2421 scuta
305 2359 464 2440 galeaeque
477 2363 553 2422 ictae
568 2379 636 2422 cum
660 2365 747 2422 etiam
771 2379 845 2442 quos
865 2381 924 2422 non
943 2361 1171 2422 vulneraverant

207 2444 377 2512 turbarent,
393 2463 490 2522 neque
505 2445 604 2505 subire
618 2454 681 2509 erat
697 2445 781 2505 laelle
794 2445 829 2506 ad
845 2448 1015 2525 propiorem
1030 2463 1170 2524 pugnarn,

178 2533 302 2606 tneque
310 2527 430 2587 missilia
440 2528 596 2595 habebant,
611 2528 717 2604 quibus
726 2529 840 2588 eminus
848 2549 910 2590 rem
920 2538 1073 2606 gererent:
1090 2537 1171 2588 stan·

206 2617 289 2670 teset
300 2613 447 2688 expositos
454 2611 489 2672 ad
497 2614 581 2682 ictus,
588 2629 656 2670 cum
664 2613 720 2670 iarn
729 2614 799 2672 satis
808 2613 879 2674 nibil
888 2621 1009 2691 tegeret,
1027 2612 1170 2691 quosdam

208 2694 883 2774 etiarnpedemrelerentes.fluctuantemqueet
894 2696 1059 2758 instabilem
1077 2696 1171 2756 aciem

207 2778 410 2854 redintegrato
426 2777 554 2838 clamore
568 2781 677 2839 strictis
690 2778 792 2856 gladiis
805 2781 910 2840 hastati
921 2789 950 2841 et
965 2782 1114 2859 principes
1125 2781 1171 2838 in·

179 2859 327 2919 tradunt.
344 2878 412 2920 enm
424 2862 566 2939 impetum
579 2880 636 2922 non
650 2861 780 2922 tulerunt
787 2863 909 2932 Etrusci,
923 2865 1170 2942 versisquesignia

209 2941 278 3020 iuga
296 2942 388 3002 ellusa
403 2953 497 3004 castra
516 2953 662 3023 repetunt.
689 2946 741 3005 sed
754 2948 867 3023 equites
884 2948 1007 3008 ltomani
1024 2947 1170 3025 praevecti

208 3045 264 3105 per
275 3025 393 3104 obliqua
406 3029 502 3106 campi
514 3046 580 3088 curn
590 3046 621 3088 se
629 3028 997 3106 fugientibusobtulissent,
1013 3035 1123 3092 omisso
1133 3029 1172 3092 ad

182 3117 307 3171 ecastra
317 3112 423 3170 itinere
441 3123 556 3172 montes
568 3120 679 3191 petunt.
703 3113 770 3172 inde
782 3116 888 3175 inermi
903 3133 996 3194 paene
1009 3118 1126 3192 agmine
1137 3131 1172 3173 ac

210 3203 313 3254 vexato
326 3195 494 3256 vulneribus
508 3199 538 3256 in
551 3197 653 3258 silvam
668 3197 821 3258 Ciminiam
834 3208 1028 3277 penetratum.
1062 3201 1169 3258 itoma-

210 3295 267 3338 nus
289 3278 388 3339 mulu's
409 3279 527 3342 milibus
545 3281 733 3342 Etruscorum
756 3285 863 3352 caesis,
882 3282 1172 3361 duodequadraginta

211 3361 303 3436 signis
314 3362 488 3424 militaribus
500 3367 609 3441 captis,
628 3366 731 3424 castris
742 3368 828 3426 etiam
842 3368 968 3426 bostium
981 3385 1046 3426 cum
1060 3364 1173 3442 praeda

212 3440 326 3518 ingenti
335 3447 456 3522 potitur.
478 3454 541 3507 tum
549 3448 585 3508 de
596 3449 802 3528 persequendo
814 3450 898 3512 hoste
910 3452 1014 3528 agitari
1022 3458 1170 3528 coeptum.
