2542 3956
221 161 283 226 326
405 175 499 216 niens
508 174 599 216 xxm.
614 129 683 216 oar.
700 161 726 212 8.
740 162 767 216 9.
784 151 823 234 [a.
840 177 870 216 n.
886 177 912 218 e.
930 151 993 240 5381

221 341 279 405 que
292 324 386 402 patris
403 321 540 404 precibus
555 320 743 400 lacrimisque
757 322 845 382 etiam
860 320 898 382 ad
914 339 1018 382 cenam
1031 341 1100 385 eum
1115 341 1177 386 oum

193 413 304 488 epatre
315 409 414 467 vocari
426 408 523 476 iussin
539 407 587 466 oul
598 406 729 466 convivio
741 406 890 466 neminem
904 405 1084 486 campanum
1096 423 1177 486 prae-

221 498 357 570 terquam
377 490 509 569 hospites
524 487 738 568 Vibelliumque
752 488 913 560 Tauream,
934 489 1082 567 insignem
1105 487 1176 550 hello

190 576 331 645 trinum,
360 573 545 634 adhibiturus
567 581 639 634 erat.
693 570 807 650 epulari
827 579 992 651 coeperunt
1014 571 1050 633 de
1071 573 1131 642 die,
1153 584 1178 633 et

221 659 385 718 convivium
400 675 459 718 non
476 675 513 718 ex
524 675 607 717 more
618 656 729 716 Punioo
740 663 791 716 aut
806 655 927 716 militari
942 653 1098 734 disciplina
1110 673 1175 726 esse,

218 743 285 811 sed,
307 749 341 802 ut
355 743 386 801 in
400 743 514 802 civitate
528 749 616 819 atque
632 741 719 802 etiam
735 739 823 800 domo
841 739 894 798 diti
908 757 943 798 ae
957 737 1107 800 luxuriosa
1120 758 1176 800 on·

189 824 305 886 tnibus
319 824 509 905 voluptatium
531 822 690 884 inlecebris
703 824 888 884 instructum.
920 840 997 883 unus
1015 841 1072 883 neo
1091 821 1176 882 domi·

219 928 325 970 norum
339 911 509 969 inritatione
523 925 579 966 neo
592 907 685 984 ipsius
698 906 847 967 interdum
863 903 1035 967 Hannibalis
1050 905 1177 968 Calavius

218 991 295 1054 filius
309 991 435 1070 perpelli
450 991 485 1052 ad
501 991 600 1050 vinum
615 992 724 1068 potuit,
740 991 804 1070 ipse
815 988 1012 1050 valetudinem
1029 1007 1176 1060 excusans,

217 1083 302 1155 patre
320 1076 410 1136 animi
430 1091 547 1154 quoque
564 1074 627 1134 eius
641 1072 720 1134 haud
741 1072 906 1134 mirabilem
927 1072 1176 1152 perturbationem

189 1166 367 1218 soausante.
412 1156 483 1220 solis
504 1157 598 1218 ferme
619 1175 725 1218 ooeasu
745 1165 860 1236 patrem
883 1155 1030 1218 Calavium
1053 1176 1092 1217 ex
1113 1175 1175 1216 eou-

217 1243 291 1303 virio
311 1259 463 1320 egressum
487 1249 604 1304 secutus
623 1240 715 1312 iilius;
736 1241 787 1302 ubi
806 1243 837 1300 in
857 1247 1003 1300 secretum
1017 1241 1175 1301 —hortus

170 1367 171 1372 κ
188 1334 205 1386 9
217 1333 282 1386 erat
291 1328 412 1407 posticis
424 1325 539 1387 aedium
548 1324 682 1404 partibus
696 1330 957 1403 -pervenerunt,
971 1369 989 1394 „
998 1323 1176 1386 eonsilium“

216 1411 337 1490 inquit„
346 1409 462 1480 adfero,
475 1417 572 1488 pater,
583 1427 641 1488 quo
654 1427 715 1468 non
725 1410 841 1491 veniam
852 1405 947 1468 solum
958 1409 1089 1486 peccati,
1103 1406 1174 1488 qued

216 1493 379 1556 defecimus
401 1492 438 1556 ad
455 1491 664 1563 Hannibalem,
685 1493 871 1571 impetraturi
892 1488 929 1551 ab
947 1489 1106 1562 Romanis,
1129 1491 1175 1552 sed

215 1579 247 1637 in
261 1576 354 1638 multo
374 1579 487 1638 maiore
502 1577 643 1655 dignitate
659 1582 689 1636 ot
711 1577 804 1653 gratia
819 1576 910 1634 simus
923 1574 1076 1654 Campani,
1094 1593 1174 1654 quam

215 1679 355 1740 umquam
366 1660 489 1725 luimus,
512 1659 645 1722 futuri.“
672 1677 743 1736 nuru
774 1656 967 1718 mirabundus
984 1665 1080 1737 pater,
1097 1658 1173 1738 quid-

216 1761 285 1804 nam
307 1743 339 1802 id
356 1751 433 1803 esset
448 1743 577 1813 consilii,
598 1750 768 1822 quaereret,
791 1749 859 1820 toga
884 1742 994 1802 reiecta
1016 1741 1053 1802 ab
1076 1759 1174 1803 umero

174 1833 206 1886 io
217 1825 292 1886 latus
304 1828 486 1886 succinctum
495 1824 592 1903 gladio
604 1825 703 1886 nudat.
731 1828 809 1896 „iam
820 1833 896 1903 ego“
906 1825 1001 1904 inquit
1014 1827 1173 1904 „sanguine

214 1909 387 1973 Hannibalis
404 1911 533 1971 sanciam
550 1909 714 1970 Romanum
733 1909 845 1970 foedus.
893 1916 922 1969 te
943 1908 974 1968 id
996 1910 1083 1987 prius
1105 1911 1174 1968 seire
1241 1953 1242 1986 ,

214 1993 308 2065 volui,
335 1996 361 2055 si
389 1993 466 2056 forte
489 1993 608 2064 abesse,
633 1993 701 2054 dum
728 1992 842 2053 lacinus
868 1999 1015 2072 patratur,
1043 1991 1174 2052 malles.“
1241 1987 1242 1998 ’

187 2079 263 2140 1111.
295 2077 376 2148 Quae
391 2077 443 2138 ubi
453 2077 564 2139 audivit
576 2076 704 2156 viditque
720 2093 824 2146 senex,
841 2075 920 2136 velut
931 2077 956 2135 si
971 2077 1029 2136 iam
1042 2076 1171 2154 agendis,

187 2170 292 2242 aquae
306 2159 457 2230 audiebat,
479 2163 649 2231 interesset,
674 2178 776 2222 amens
790 2167 872 2221 metu
886 2177 968 2238 „per
988 2177 1043 2238 ego
1061 2167 1092 2220 te
1102 2169 1121 2192 “
1133 2160 1172 2218 in·

216 2246 293 2325 quit,
310 2244 391 2318 „filu
413 2262 617 2325 quaecumque
637 2246 703 2305 iura
723 2242 833 2304 liberos
846 2245 972 2322 iungunt
992 2241 1171 2322 parentibus,

215 2346 324 2406 precor
344 2347 525 2408 quaesoque,
553 2347 591 2390 ne
607 2336 676 2388 ante
701 2327 801 2388 oeulos
824 2329 917 2406 patris
940 2327 1038 2388 faeere
1067 2335 1098 2388 et
1117 2327 1174 2406 pati
1241 2353 1242 2382 ι

185 2414 313 2476 somnia
327 2412 447 2473 infanda
463 2411 543 2473 velis.
569 2429 680 2492 paucae
694 2411 786 2472 horae
801 2418 884 2482 sunt,
899 2413 977 2472 intra
992 2429 1065 2490 quas
1077 2413 1172 2472 iuran·
1241 2409 1242 2470 l

214 2503 260 2557 tes
276 2514 331 2576 per
351 2495 491 2575 quidquid
516 2497 640 2556 deorum
664 2503 721 2568 est,
746 2495 867 2556 dextrae
884 2495 1001 2556 deruas
1018 2496 1172 2574 iungentes

213 2579 303 2641 fldem
319 2579 531 2642 obstrinximus
549 2614 585 2624 -
601 2587 635 2641 ut
658 2588 788 2642 sacratas
809 2578 866 2640 tide
885 2597 989 2640 manus
1011 2579 1137 2656 digressi
1157 2595 1171 2637 a

183 2661 370 2743 teonloquio
401 2663 547 2742 extemplo
577 2665 609 2724 in
637 2683 703 2725 eum
733 2663 934 2725 armaremus?
969 2662 1005 2722 ab
1038 2659 1171 2742 hospitali
1241 2703 1242 2708 η

214 2765 316 2808 mensa
331 2748 442 2824 surgis,
464 2746 605 2828 adquam
626 2748 730 2809 tertius
747 2749 960 2828 Campanorum
980 2744 1128 2807 adhibitus
1142 2763 1170 2806 es

214 2827 251 2888 ab
264 2828 451 2912 Hannibale,
462 2837 496 2890 ut
519 2849 584 2892 eam
604 2833 698 2911 ipsam
716 2850 848 2893 mensam
864 2839 1035 2892 cruentares
1049 2830 1170 2910 hospitis

168 2947 174 2957 ·
215 2913 376 2990 sanguinei
396 2912 590 2974 Hannibalem
601 2922 685 2994 pater
698 2915 757 2976 lilio
769 2933 836 2976 meo
848 2915 929 2995 potui
942 2912 1069 2996 planare,
1082 2913 1169 2974 lilium
1241 2917 1242 2988 1

186 2995 372 3073 tHannibali
394 3014 455 3057 non
473 2997 613 3075 possum?
649 2998 701 3060 sed
726 3002 764 3061 sit
784 2999 857 3060 nihil
879 2999 986 3068 saneti,
1003 3017 1065 3058 non
1090 2996 1167 3067 tides,
1241 2993 1242 3044 l

213 3099 272 3142 non
288 3081 408 3160 religio,
425 3099 485 3142 non
499 3083 608 3160 pietas;
627 3083 790 3145 audeantur
803 3083 938 3154 infanda,
956 3083 980 3143 si
998 3100 1057 3142 non
1072 3082 1169 3160 perni-

184 3166 288 3237 aciem
305 3165 390 3226 nobis
405 3183 472 3228 oum
483 3164 596 3226 scelere
610 3167 717 3228 ierunt.
749 3185 825 3230 unus
837 3167 1029 3246 adgressurus
1045 3163 1077 3225 es
1093 3165 1167 3226 Han·
1241 3161 1242 3238 1

214 3247 364 3310 nibalemi
405 3247 474 3328 quid
500 3247 551 3309 illa
571 3250 657 3312 turba
679 3258 723 3312 tot
752 3250 914 3313 liberorum
942 3248 1167 3328 servorumque?
1241 3241 1242 3328 1

213 3331 283 3412 quid
304 3335 442 3394 inunum
459 3334 565 3393 intenti
584 3337 716 3396 omnium
732 3334 826 3396 ooulii
847 3333 917 3414 quid
936 3342 980 3396 tot
994 3333 1167 3394 dextrae-
1241 3339 1242 3402 1

184 3421 381 3493 ttorpescent
392 3419 423 3476 in
433 3419 559 3477 amentia
570 3417 638 3480 iHal
653 3419 761 3480 voltum
776 3419 868 3499 ipsius
880 3416 1064 3488 Hannibalis,
1083 3433 1166 3498 quern
1241 3429 1242 3480 ξ
