2542 3956
316 254 410 296 crees
422 253 498 294 ιιιι.
516 251 586 296 (ιιι.
600 237 645 293 51.
659 236 703 289 δι.
719 226 759 312 [e.
776 229 811 294 (ι.
829 229 892 314 216]
1011 235 1074 301 807

179 405 301 466 Postero
326 401 374 462 die
393 399 444 460 ubi
470 401 598 480 primum
624 400 742 469 inluxit,
769 399 806 461 ad
831 400 924 480 spolia
949 396 1102 480 legendae

117 488 292 568 foedamque
307 487 397 546 etiam
416 483 549 546 hostibus
569 485 758 564 spectandam
778 491 908 562 stragem
927 484 1074 546 insistunt

116 571 254 634 iacebant
267 577 312 630 tot
324 568 526 629 Romanorum
537 567 633 639 milia,
649 569 762 649 pedites
773 585 882 648 passim
894 569 1073 647 equitesque,
1085 573 1104 624 c

117 663 151 717 ut
165 672 253 754 quem
272 654 377 731 cuique
392 651 454 712 iors
470 659 519 712 eut
537 669 639 731 pugna
650 653 786 713 iunxerat
807 658 857 712 aut
877 650 955 729 luga.
971 651 1075 712 adsur-

116 739 214 816 gentis
228 735 347 816 quidam
359 753 395 795 ex
405 742 503 812 strage
517 734 612 795 media
628 737 757 805 cruenti,
774 753 847 815 quos
862 735 964 796 stricta
980 742 1075 795 matu·

116 824 180 882 tino
196 821 307 898 frigore
325 819 523 880 excitaverant
535 817 667 888 vulnera,
693 819 730 879 ab
745 819 830 880 hoste
848 819 982 898 oppressi
996 824 1076 879 sunt

116 904 260 984 quosdam
272 909 301 963 et
318 903 439 962 iacentis
450 903 529 963 vivos
546 903 670 963 succisis
683 901 841 964 feminibus
857 900 1103 983 poplitibusque'l

116 990 307 1058 invenerunt,
329 985 466 1047 nudantis
488 987 633 1046 cervicem
656 985 848 1065 iugulumque
875 993 904 1047 et
928 984 1076 1065 reliquum

116 1072 290 1148 sanguinem
304 1067 439 1130 iubentes
457 1069 587 1130 haurire.
623 1071 735 1130 inventi
754 1070 872 1149 quidam
888 1069 1106 1133 summersus

116 1155 147 1215 iu
160 1154 294 1215 eliossam
310 1165 421 1214 terram
436 1151 591 1231 capitibus,
610 1170 685 1232 quos
697 1152 754 1214 sibi
767 1155 847 1231 ipsos
858 1153 963 1215 iecisse
978 1153 1077 1213 foveas

117 1237 329 1316 obruentisque
352 1254 404 1296 ora
424 1237 591 1315 superiecta
609 1236 699 1296 humo
719 1237 918 1298 interclusisse
939 1239 1076 1316 spiritum

116 1319 286 1400 apparebat.
322 1320 479 1398 praecipue
498 1321 642 1380 convertit
658 1337 760 1380 omnes
771 1319 936 1380 substratus
951 1320 1077 1381 Numida
1087 1326 1108 1376 u-

117 1413 235 1464 mortuo
252 1401 493 1482 superincubanti
506 1402 640 1464 Romano
654 1404 735 1464 riuus
750 1421 822 1464 naso
837 1403 1015 1482 auribusque
1034 1403 1076 1462 la·

117 1489 237 1557 ceratis,
255 1505 322 1546 cum
337 1484 473 1546 manibus
492 1485 529 1546 ed
547 1485 722 1564 capiendum
742 1485 834 1548 telum
855 1486 1022 1556 inutilibus,
1045 1487 1077 1545 in

118 1570 231 1631 rabiem
247 1571 293 1630 ira
309 1587 410 1638 versa,
426 1567 563 1630 laniando
578 1569 714 1631 dentibus
728 1569 844 1630 hostem
861 1573 1032 1649 expirasset.
1087 1597 1089 1600 ·

181 1653 241 1714 LIl.
272 1651 379 1732 Spoliis
401 1651 438 1712 ad
460 1652 585 1714 multum
607 1651 666 1714 diei
690 1653 774 1714 lectis
793 1653 940 1714 Hannibal
965 1654 1002 1714 ad
1021 1655 1103 1715 mit

117 1754 191 1797 nora
203 1737 283 1797 ducit
298 1743 392 1797 castra
402 1736 612 1814 oppugnanda,
631 1744 662 1797 et
672 1738 803 1798 omnium
814 1740 943 1816 primum
954 1737 1076 1798 brachio

118 1819 234 1880 obiecto
251 1820 373 1880 llumine
389 1837 438 1879 eos
454 1819 590 1880 excludit.
621 1827 752 1881 ceterum
769 1819 806 1880 ab
823 1821 960 1882 omnibus
976 1821 1106 1881 laboret

119 1903 225 1980 vigiliis
239 1901 410 1964 vulneribus
427 1904 514 1963 etiam
534 1903 619 1964 fessis
634 1905 778 1964 maturior
791 1905 883 1982 ipsius
900 1923 952 1983 spe
967 1905 1076 1964 deditio

122 1993 168 2046 est
178 1985 263 2046 lacta.
290 1987 384 2067 pacti,
401 1994 434 2047 ut
447 2004 528 2048 arma
544 1993 631 2065 atque
647 2004 737 2065 equos
752 1986 918 2055 traderent,
936 1989 966 2047 in
982 1991 1104 2064 capitae

117 2068 249 2130 Romana
266 2071 393 2130 trecenis
413 2071 541 2129 nummis
562 2069 757 2148 quadrigatis,
779 2070 811 2128 in
826 2072 922 2130 socios
946 2069 1075 2140 ducenis,

117 2154 149 2212 in
163 2171 264 2212 servos
280 2153 427 2221 centenis,
449 2159 478 2212 et
499 2160 533 2211 ut
548 2169 583 2211 eo
598 2153 693 2230 pretio
707 2151 858 2230 persoluto
873 2171 941 2213 cum
956 2153 1077 2230 singulis
1150 2209 1155 2222 ,

119 2235 235 2294 abirent
248 2236 443 2305 vestimentis,
458 2235 490 2294 in
500 2243 595 2295 castra
606 2236 698 2296 bostis
711 2243 904 2314 acceperunt,
920 2236 1076 2316 traditique

118 2321 149 2378 in
167 2317 328 2377 custodiam
352 2335 454 2378 omnes
474 2325 555 2387 sunt,
577 2336 710 2379 seorsum
731 2319 809 2379 cives
828 2321 968 2398 sociique.
1008 2320 1106 2380 dumo

117 2401 160 2461 ibi
174 2407 289 2480 tempus
304 2402 423 2472 teritur,
445 2402 559 2461 interea
572 2418 640 2461 cum
657 2419 693 2462 ex
708 2402 869 2471 maioribus
884 2404 997 2473 castris,
1013 2405 1072 2482 qui·

118 2484 174 2545 bus
188 2486 258 2544 satis
272 2485 377 2545 virium
393 2490 423 2544 et
438 2485 528 2545 animi
543 2485 609 2555 luit,
625 2484 661 2545 ad
676 2494 814 2566 quattuor
828 2486 908 2546 milia
922 2488 1076 2547 hominum

119 2575 149 2628 et
159 2567 277 2627 ducenti
289 2569 414 2648 equites,
427 2567 476 2628 alii
487 2569 619 2646 agmine,
635 2567 683 2628 alii
695 2568 783 2648 palati
793 2571 902 2649 passim
914 2587 969 2649 per
981 2587 1075 2648 agros,

119 2651 197 2730 quod
218 2651 295 2711 haud
324 2653 420 2711 nunus
446 2658 541 2712 tutum
570 2659 647 2722 erat,
681 2652 837 2714 Canusium
869 2654 1076 2732 perfugissent,

120 2743 215 2796 castra
229 2735 293 2813 ipsa
314 2733 350 2794 ab
371 2736 477 2794 sauciis
499 2735 666 2834 timidisque
683 2735 785 2797 eadem
803 2737 991 2807 condicione,
1020 2756 1076 2817 qua

120 2816 224 2888 altera,
241 2819 347 2879 tradita
366 2818 453 2879 hosti.
483 2818 620 2897 praeda
611 2835 716 2897 ingens
732 2829 816 2900 parta
832 2828 890 2890 est,
915 2830 945 2880 et
958 2827 1104 2900 praetere

120 2919 209 2980 equos
229 2905 366 2981 virosque
387 2911 417 2962 et
437 2907 462 2962 sl
477 2902 547 2982 quid
568 2907 740 2981 argenti-
762 2905 841 2984 quod
863 2903 1052 2984 plurimum
1044 2923 1076 2964 ιιι

120 2983 248 3062 phaleris
269 3003 411 3064 equorum
434 2994 511 3056 erat,
534 2985 656 3047 named
676 2988 1077 3064 vescendumlactoperexi·

121 3085 193 3146 guo,
211 3068 313 3147 utique
327 3066 498 3138 militantes,
517 3069 732 3129 utebantur-
747 3072 951 3130 omniscetera
966 3069 1076 3146 praeda

23 3179 25 3201 ι
122 3151 285 3228 diripienda
296 3150 363 3210 data
375 3159 428 3210 est.
452 3161 515 3211 tum
526 3151 687 3228 sepeliendi
702 3169 787 3212 causa
799 3152 950 3211 conferri
942 3168 973 3210 ιιι
987 3159 1103 3212 unume

25 3293 27 3320 i
124 3252 246 3315 corpora
264 3251 386 3295 suorum
402 3234 493 3294 iussit.
526 3233 562 3293 ad
580 3244 646 3294 octo
664 3233 742 3294 milia
759 3235 848 3295 luisse
864 3234 1001 3294 dicuntur
1016 3234 1076 3294 lor·

25 3327 27 3356 ⁵
123 3321 300 3380 tissimorum
315 3318 454 3378 virorum.
486 3315 634 3377 consulem
648 3319 938 3397 quoquellomanum
955 3319 1075 3397 conqui-

123 3405 208 3464 situm
224 3401 428 3484 sepultumque
443 3400 560 3479 quidam
575 3409 710 3462 auctores
724 3410 801 3463 sunt.

182 3487 254 3558 llos,
271 3487 319 3567 qui
338 3485 494 3548 Canusium
509 3485 714 3565 perfugerant,
705 3485 943 3638 ,muligrobpula
956 3487 1101 3548 nominet
