2542 3956
340 219 435 262 nnana
449 217 541 262 xxm.
556 215 624 260 oar.
638 202 682 262 ib.
699 191 738 278 [a.
756 197 791 260 0.
809 195 877 279 ato]
1030 202 1092 270 333

120 367 163 429 ab
175 368 252 447 ipsis
263 365 462 445 Neapolitanis
473 366 583 425 accitrls
596 397 654 436 -,
667 363 789 443 Neapoli
801 382 917 443 quoque
931 364 1007 425 siem
1017 362 1091 426 Nola

119 453 240 512 omissa
263 451 337 530 petit
355 448 522 510 Nuceriam.
557 465 622 508 eam
643 465 711 508 cnm
732 445 911 526 aliquamdiu
931 449 1120 510 circumeo-tt

119 534 238 605 disset,
253 551 342 610 saepe
354 535 393 602 vi,
409 549 498 610 saepe
509 529 700 592 sollicitandis
716 531 893 610 nequiquam
905 547 984 590 nune
994 532 1089 612 plebe,

29 639 31 688 ξ
119 635 212 680 nunc
234 616 433 698 principibus,
464 615 543 676 lame
563 615 681 676 demum
707 617 737 675 in
760 614 939 676 deditionem
966 617 1087 695 acecpit,

27 773 29 786 Ι
120 709 244 780 pactus,
256 708 290 762 ut
301 701 504 764 inermescum
512 698 757 778 singulisabirent
764 700 952 760 vestimentis.
973 698 1120 769 deindee

26 793 29 836 ἓ
122 793 160 846 ut
176 786 229 864 qui
245 804 261 846 a
276 784 422 864 principio
442 784 521 843 mitis
535 782 673 846 omnibus
687 782 794 844 ltalieis
808 791 927 862 praeter
941 783 1090 844 Romanos

25 935 27 944 ,
119 869 225 930 videri
239 867 340 938 vellet,
357 868 487 947 praemia
505 874 592 946 atque
607 867 751 938 honores,
775 869 825 948 qui
840 869 1038 928 remanserint
1056 885 1091 929 ac

121 952 258 1014 militare
274 970 372 1014 secum
390 951 562 1022 voluissent,
584 953 747 1031 proposuit.
779 970 836 1012 nec
856 970 890 1012 ea
913 969 966 1030 spe
988 957 1119 1031 quem-5

124 1055 218 1117 quam
231 1038 338 1097 tenuit:
358 1036 462 1116 dilapsi
476 1053 593 1110 omnes,
617 1054 802 1115 quocumque
816 1037 943 1115 hospitia
962 1042 1014 1096 aut
1029 1035 1089 1095 lor·

122 1122 222 1182 tuitus
235 1121 325 1181 animi
339 1123 466 1198 impetus
479 1119 561 1189 tulit,
579 1137 632 1197 per
648 1119 823 1199 Campaniae
839 1121 942 1192 urbes,
962 1121 1090 1181 maxime

123 1202 233 1267 Nolam
256 1204 478 1283 Neapolimque.
516 1220 583 1263 cum
608 1203 702 1264 terme
731 1205 849 1281 triginta
880 1212 1032 1265 senatores
1055 1209 1118 1264 act

124 1289 207 1348 torte
219 1289 332 1368 primus
347 1289 470 1366 quisque
482 1287 610 1366 Capuam
621 1289 777 1367 petissent,
793 1286 904 1348 exclusi
918 1287 995 1359 inde,
1011 1288 1089 1368 quod

124 1379 230 1452 portas
244 1370 401 1432 Hannibali
417 1369 603 1441 clausissent,
624 1371 731 1432 Cumas
747 1389 779 1432 se
796 1369 994 1432 contulerunt.
1029 1372 1088 1433 Nu·

125 1456 228 1516 coriae
243 1456 353 1534 praeda
367 1454 452 1514 militi
466 1456 532 1515 data
555 1463 614 1526 est,
634 1454 707 1516 urbs
721 1455 835 1533 direpta
851 1463 937 1534 atque
957 1457 1087 1516 incensa.

190 1539 293 1600 Nolam
310 1537 465 1601 Marcellus
480 1557 540 1604 nnn
555 1541 600 1600 sui
614 1541 708 1618 magis
719 1539 825 1602 fidncia
845 1539 984 1617 praesidii
1001 1545 1117 1618 quamn

126 1621 278 1685 voluntate
306 1625 473 1703 principum
500 1623 635 1685 habebat.
673 1622 759 1703 plebs
782 1623 940 1684 timebatur
967 1632 996 1684 et
1021 1629 1089 1685 ante

125 1710 225 1770 omnis
238 1707 271 1768 L.
286 1707 421 1776 Bantius,
440 1726 528 1786 quem
547 1710 727 1770 conscientia
742 1715 899 1787 temptatae
915 1707 1089 1774 deiectionis

125 1811 164 1854 ac
178 1799 274 1852 metus
286 1811 301 1853 a
317 1798 454 1870 praetore
469 1791 601 1853 Romano
614 1810 693 1854 nunc
707 1793 744 1853 ad
757 1791 953 1871 proditionem
965 1793 1087 1871 patriae,

126 1893 224 1946 nunc,
245 1877 270 1938 si
291 1875 329 1936 ad
345 1875 376 1936 id
391 1875 507 1936 fortuna
526 1876 680 1944 defuisset,
706 1876 742 1937 ad
766 1877 1020 1955 transfugiendum
1037 1878 1088 1938 sti·

127 1959 268 2023 mulabat.
310 1967 374 2020 erat
396 1960 510 2021 iuvenis
536 1978 606 2021 acer
631 1968 660 2021 et
685 1961 834 2020 sociorum
861 1978 895 2020 ea
914 1967 1115 2039 tempestates

125 2062 222 2126 prope
236 2042 436 2105 nobilissimus
452 2062 551 2122 eques.
588 2045 768 2104 seminecem
785 2061 852 2104 enm
874 2043 911 2103 ad
927 2043 1043 2104 Cannas
1057 2045 1089 2104 in

128 2140 233 2188 acervo
248 2145 401 2188 caesorum
418 2145 576 2206 corporum
591 2129 744 2188 inventum
755 2134 948 2206 curatumque
960 2126 1088 2206 benigne

129 2213 216 2272 etiarn
241 2229 308 2271 cum
332 2210 417 2270 donis
443 2208 589 2270 llannibal
614 2210 734 2272 domum
759 2212 923 2272 remiserat
967 2210 1004 2273 ob
1026 2213 1117 2272 eiust

128 2296 252 2373 gratiam
271 2294 371 2354 meriti
385 2310 449 2354 rem
465 2291 607 2355 Nolanam
622 2296 653 2355 in
667 2297 715 2355 ius
729 2294 934 2374 dicionemque
952 2295 1023 2355 dare
1038 2315 1088 2354 vo·

127 2378 224 2439 luerat
236 2377 352 2448 Poeno,
377 2379 555 2456 anxiumque
570 2397 637 2438 eum
654 2385 684 2439 et
700 2377 857 2440 sollicitum
875 2395 944 2438 cura
962 2378 1088 2438 novandi

128 2479 178 2523 res
188 2469 309 2539 praetor
324 2460 474 2523 cernebat.
502 2468 635 2523 ceterum
646 2480 713 2524 curn
731 2469 781 2524 aut
795 2480 889 2541 poena
904 2461 1086 2523 cohibendus
1097 2468 1130 2519 to
1248 2489 1254 2540 p

129 2552 207 2606 esset
228 2554 279 2607 aut
297 2544 442 2606 beneflcio
463 2545 680 2619 conciliandus,
703 2546 759 2608 sibi
780 2546 977 2624 adsumpsisse
999 2564 1087 2626 quam

127 2628 206 2690 besti
223 2630 366 2691 ademisse
389 2629 497 2691 iortem
512 2648 547 2690 ac
564 2638 717 2692 strenuum
737 2629 839 2692 maluit
858 2631 986 2702 socium,
1010 2631 1087 2690 acci·
1177 2661 1179 2664 ·

127 2722 248 2795 tumque
266 2714 303 2774 ad
318 2731 350 2774 se
364 2714 493 2793 benigne
509 2714 651 2793 appellat:
668 2714 776 2776 multos
795 2732 861 2776 enm
877 2713 992 2776 invidos
1006 2716 1084 2775 inter
1097 2721 1128 2772 11

128 2798 279 2879 popularis
293 2797 405 2859 habere
420 2799 490 2859 inde
506 2800 672 2861 existimatu
693 2798 779 2861 lacile
801 2816 881 2870 esse,
904 2799 982 2879 quod
999 2817 1087 2860 nemo

127 2883 197 2943 ciris
204 2881 334 2945 Nolanus
345 2882 401 2943 sibi
412 2883 592 2954 indicaverit,
609 2901 697 2964 mam
708 2883 799 2945 multa
810 2885 873 2944 eius
885 2885 1004 2962 egregia
1015 2883 1086 2945 iaci·

128 2981 201 3024 nora
213 2967 350 3028 militaria
357 2975 471 3037 essent;
486 2968 537 3029 sed
546 2969 596 3047 qui
607 2969 784 3030 inllomanis
798 2967 966 3030 militaverit
972 2967 1083 3035 castris,
1097 2972 1129 3022 12

128 3065 188 3108 non
202 3065 289 3127 posse
306 3049 461 3112 obscuram
477 3054 540 3112 eius
561 3053 697 3113 virtutem
714 3070 788 3113 esse.
821 3050 929 3112 multos
944 3048 1015 3119 sibi,
1036 3051 1087 3127 qui

128 3148 195 3191 cum
207 3149 243 3192 eo
253 3133 399 3211 stipendia
412 3133 551 3201 iecerint,
570 3134 698 3204 reterre,
714 3136 765 3213 qui
775 3135 908 3194 virescet
922 3131 980 3201 ille,
996 3150 1085 3211 quae·

128 3233 185 3294 qne
207 3222 237 3276 et
257 3217 392 3295 quotiens
418 3215 550 3296 pericula
572 3235 628 3294 pro
650 3217 743 3278 salute
764 3236 799 3278 ac
822 3217 963 3295 dignitate
984 3216 1085 3295 populi

127 3297 254 3360 Romani
268 3299 391 3371 adisset,
408 3302 510 3380 utique
526 3300 673 3364 Cannensi
683 3300 797 3380 proelio
812 3317 872 3361 non
883 3302 966 3379 prius
985 3317 1083 3379 pugna
1097 3305 1128 3358 ta

128 3381 287 3456 abstiterit,
310 3400 399 3463 quarn
420 3402 515 3464 prope
535 3387 676 3464 exanguis
699 3387 785 3447 ruina
803 3384 1085 3464 superincidentium

127 3468 272 3537 uirorum.
297 3486 441 3550 equorum
464 3487 673 3550 armorumque
692 3471 732 3532 sit
755 3487 924 3552 oppressus.
960 3471 1083 3549 „itaque
1097 3475 1130 3526 tt
1229 3456 1233 3469 '
