2532 3938
128 242 224 283 arnna
235 241 290 284 vn.
307 240 375 283 orn.
391 230 434 278 42.
447 257 481 266 -
491 243 585 285 amun
597 240 747 286 muscae.
759 239 784 287 1.
797 235 838 306 [a.
851 227 951 289 cata
959 227 1021 311 341]
1043 237 1087 298 47

128 390 247 457 avertit,
263 398 293 447 ει
307 401 426 466 praeter
441 392 611 451 Latinorum
625 392 746 452 infidum
761 394 818 452 iam
834 392 884 454 diu
897 393 999 456 ioedus
1019 396 1083 456 Pri·

127 481 262 532 vernates
283 476 371 534 etiam
396 474 526 535 Norbam
544 483 631 553 atque
648 475 772 545 Setiam,
794 476 941 538 finitumus
955 479 1084 542 colonias

125 556 288 626 Romanas,
304 558 473 619 incursione
488 558 584 619 subita
601 558 860 638 depopulatisuut.

517 773 711 788 ιιι-*-

370 943 372 948 ¹
410 957 596 1022 Punicana
614 959 715 1023 LIBRI
734 962 818 1033 Vllb

173 1111 257 1160 Latini
275 1125 332 1160 cum
351 1111 487 1177 Campanis
512 1111 629 1163 deiecere
653 1123 678 1164 et
702 1117 788 1166 missis
807 1114 898 1183 legetis
915 1117 949 1177 cd
967 1128 1084 1168 senatum

124 1179 300 1230 condicionem
314 1179 440 1243 tulerunt,
454 1189 496 1240 nt,
507 1181 531 1230 si
542 1197 632 1247 pacem
644 1181 737 1234 habere
749 1184 856 1250 vellent,
869 1185 975 1236 alterum
987 1201 1020 1236 ex
1034 1187 1082 1236 La-

123 1249 184 1298 tinis
197 1249 326 1298 consulem
340 1249 460 1300 lacerent.
492 1265 543 1313 qun
563 1250 691 1316 legatione
703 1252 800 1316 perlata
811 1263 913 1319 praetor
924 1271 1011 1304 eorum
1030 1255 1082 1304 bn·

124 1318 182 1366 nius
196 1319 228 1366 de
246 1317 369 1382 Capitolio
387 1318 422 1366 ita
435 1318 571 1384 prolapsus
586 1329 638 1382 est,
659 1329 687 1368 ut
704 1323 900 1372 exanimaretur.
928 1323 957 1375 Τ.
973 1323 1081 1373 Manlius

125 1387 214 1435 consul
228 1385 323 1447 fllium,
342 1387 410 1449 quod
428 1401 516 1437 contra
533 1388 643 1438 edictum
660 1389 716 1439 elus
729 1390 851 1440 adversus
865 1391 969 1441 Latinos
983 1407 1083 1456 pugua-

124 1465 210 1513 verat,
224 1455 340 1515 quamvis
352 1469 474 1520 prospere
488 1467 644 1521 pugnasset,
663 1460 746 1507 securi
756 1460 890 1523 percussit.
911 1460 1081 1509 laborantibus

124 1523 152 1572 iu
172 1523 225 1570 scie
245 1522 364 1570 Romanis
377 1523 405 1572 P.
419 1523 525 1587 Decius,
545 1532 605 1574 tuno
621 1527 710 1576 consul
728 1543 787 1578 cum
804 1527 911 1590 Manlio,
932 1528 1034 1577 devovit
1055 1543 1083 1577 se

125 1605 174 1658 pro
185 1593 298 1640 exercitu
311 1599 346 1655 et,
368 1593 493 1641 concitato
505 1608 571 1656 equo
583 1609 640 1644 cum
657 1595 683 1644 in
695 1596 793 1645 medios
806 1595 892 1646 hostes
905 1613 932 1646 se
946 1596 1081 1658 intulisset,

124 1658 272 1709 interiectus
286 1667 367 1708 morte
379 1676 426 1710 sua
438 1661 560 1712 Romanis
573 1663 702 1712 victoriam
720 1665 837 1715 restitnit.
867 1663 950 1714 Latini
964 1665 990 1714 in
1010 1664 1082 1714 dedi-

124 1731 218 1778 tionem
231 1738 363 1781 venerunt,
393 1730 422 1779 Τ.
437 1730 530 1780 Manlio
549 1731 575 1780 in
595 1732 683 1782 urbem
696 1748 798 1783 reverso
813 1747 886 1782 nemo
905 1749 937 1783 ex
953 1734 1082 1783 inventute

125 1799 226 1849 obviam
236 1798 368 1863 processit.
388 1797 497 1849 Minucia
507 1800 580 1866 virgo
590 1800 701 1850 Vestalis
710 1801 799 1852 incesti
807 1803 926 1851 damnata
934 1813 979 1851 est.
998 1802 1082 1851 Auso-

124 1868 200 1916 nibus
213 1869 303 1927 victis,
320 1867 413 1932 oppido
427 1883 458 1916 ex
471 1869 504 1917 iis
515 1877 604 1934 capto,
621 1868 693 1918 Gales
710 1869 810 1920 colonia
832 1871 942 1920 deducta
959 1879 1009 1930 est;
1022 1870 1082 1918 item

124 1935 258 2001 Fregellae
271 1935 371 1984 colonia
388 1936 496 1985 deducta
507 1946 554 1987 est.
579 1936 727 1986 veneficium
740 1938 900 2004 conplurium
912 1947 1083 1987 matronarum

125 2003 314 2069 deprehensum
328 2011 378 2066 est,
391 2020 423 2052 ex
434 2005 527 2066 quibus
540 2005 665 2071 plurimae
678 2007 763 2057 statim
774 2007 857 2072 epotis
873 2005 1083 2056 medicaminibus

123 2073 262 2139 perierunt.
290 2073 333 2120 lex
346 2073 377 2121 de
390 2072 511 2122 veneficio
524 2083 585 2122 tuuc·
593 2077 703 2141 primum
714 2075 850 2125 constituta
860 2085 908 2124 est.
931 2073 1082 2124 Privernati-

124 2141 189 2205 bus,
212 2157 269 2190 cnm
287 2141 467 2201 rebellassent,
487 2143 560 2192 victis
576 2144 666 2192 civitas
686 2143 746 2192 data
761 2153 808 2194 est.
842 2142 1001 2208 Neapolitani
1017 2141 1084 2191 bello

124 2220 149 2261 et
163 2211 295 2259 obsidione
307 2210 369 2259 victi
381 2212 406 2258 in
419 2211 574 2260 deditionem
587 2222 717 2261 venerunt.
744 2210 773 2270 Q.
790 2210 915 2273 Publilio,
928 2212 970 2273 qui
981 2225 1025 2260 eos
1039 2209 1085 2260 ob*

124 2278 242 2340 sederat,
254 2279 336 2344 primo
352 2288 376 2327 et
388 2280 522 2344 imperium
533 2279 660 2345 prolatum
675 2288 714 2328 est
728 2291 753 2328 et
765 2278 928 2345 proconsule
941 2277 1082 2341 triumphus

126 2347 252 2396 decretus.
278 2347 351 2412 plebs
364 2361 430 2396 nexu
446 2348 552 2397 liberata
569 2359 609 2398 est
621 2355 726 2414 propter
739 2346 768 2408 L.
781 2347 865 2412 Papiri
879 2346 1012 2409 creditoris
1026 2346 1082 2394 libi-

125 2415 226 2475 dinem,
244 2415 286 2478 qui
299 2415 326 2466 G.
339 2415 444 2464 Publilio
459 2417 567 2466 debitori
578 2431 625 2466 suo
639 2427 753 2480 stuprum
768 2415 862 2465 inferre
877 2414 1000 2464 voluerat.
1027 2427 1082 2462 cum

125 2483 155 2535 L.
167 2483 282 2548 Papirius
300 2483 394 2533 Cursor
408 2485 516 2534 dictator
535 2500 655 2534 reuersus
673 2486 700 2534 in
720 2485 808 2534 urbem
830 2485 861 2533 ab
881 2483 994 2534 exercitu
1016 2492 1084 2532 esset

125 2563 230 2618 propter
241 2553 356 2617 auspicis
365 2553 514 2618 repetenda,
531 2553 560 2612 Q.
573 2553 667 2603 rabina
679 2553 802 2620 magister
814 2553 937 2616 equitum,
953 2551 1083 2600 occasione

125 2621 189 2670 bene
203 2621 331 2685 gerendae
343 2623 380 2670 rei
390 2622 524 2683 invitatus,
542 2631 628 2672 contra
641 2623 750 2672 edictum
762 2622 816 2671 eius
827 2635 949 2686 prospere
961 2619 1083 2668 adversus

82 2750 86 2756 .
126 2688 252 2740 Samnites
264 2692 397 2755 pugnavit.
421 2692 453 2740 ob
466 2705 522 2740 earu
531 2706 635 2740 causam
649 2706 707 2740 cnm
717 2690 825 2740 dilatator
835 2690 867 2738 de
879 2687 1003 2754 magistro
1012 2687 1082 2749 equi—

124 2765 179 2808 tum
190 2758 345 2821 suppliciam
358 2770 503 2824 sumpturus
516 2760 657 2824 videretur,
675 2758 767 2808 Fabius
786 2758 891 2806 liomam
903 2754 1032 2822 profugit,
1049 2761 1083 2816 et,

124 2841 281 2892 camporum
293 2843 372 2876 causa
383 2828 524 2892 proliceret,
537 2827 625 2892 populi
634 2826 752 2893 precibus
762 2826 870 2876 donatus
883 2837 930 2876 est.
956 2839 997 2874 res
1009 2835 1084 2889 prae-

124 2903 195 2944 terea
209 2904 296 2945 contra
308 2895 434 2948 Samnites
445 2909 567 2963 prospere
581 2903 667 2961 gestes
681 2895 802 2946 continet.

222 3097 300 3161 TlTl
317 3101 392 3162 LlVl
410 3102 457 3162 ΑΒ
478 3103 578 3165 URBE
599 3101 762 3164 CONDITA
782 3099 895 3159 LIBER
913 3094 987 3157 Vlll

189 3247 212 3311 1.
242 3250 304 3312 lam
323 3251 459 3313 consules
478 3265 563 3317 crant
579 3255 611 3316 C.
626 3253 757 3314 Plautius
776 3252 884 3310 iterum
898 3249 931 3309 L.
946 3245 1085 3308 Aemilius
1102 3252 1114 3303 t

125 3335 301 3406 Mamercus,
316 3353 381 3396 cum
396 3337 487 3396 Setini
501 3338 689 3416 Norbanique
701 3336 824 3396 Romam
836 3333 931 3392 nuntii
943 3330 1082 3390 deiectio-

126 3420 173 3478 nis
187 3419 403 3481 Privernatium
412 3438 478 3481 cum
487 3422 823 3500 querimoniisaoceptae
833 3415 1083 3476 oladisveueruut

126 3501 299 3566 Volscorum
314 3507 386 3566 item
401 3507 561 3566 exercitum
578 3505 653 3566 duce
668 3503 778 3566 tobati
794 3499 904 3583 populo
919 3497 1085 3562 consedisse
1100 3502 1124 3551 ι’

1181 3805 1262 3902 Δ
