2546 3936
189 122 237 225 84¹
399 173 492 215 nuum
506 144 575 214 vru‘.
587 170 655 215 one.
671 158 715 213 33.
729 149 812 232 [am
828 153 854 229 e,
869 149 931 232 420]
987 151 1000 176 ·'
1035 117 1037 122 Ι

128 399 132 406 .
188 319 1147 407 repentestrepitusantecuriamlictorumsummoventiumaudi·

114 465 116 470 .
160 413 299 478 dtur,'et
312 407 375 485 ipse
388 405 521 476 infensus
534 404 648 481 aderat,
664 412 822 483 postquam
832 405 967 482 conperit
980 403 1159 484 proiectum

84 541 86 545 .
138 518 141 523 ·
189 491 356 567 encastris,
375 509 443 568 cum
458 487 595 567 expedito
611 490 743 567 equitatu
759 496 886 548 secutus.
919 489 1025 549 iterata
1041 488 1146 550 deinde

160 576 353 643 deontentio,
371 583 400 634 et
415 573 521 652 prendi
533 571 657 647 Fabium
672 571 807 648 Papirius
821 571 914 632 iussit.
945 571 998 632 ubi
1013 590 1080 632 curn
1096 572 1146 633 de-

107 670 109 674 ’
186 657 380 739 precantibus,
390 655 569 736 primoribus
580 663 697 735 patrum
713 661 800 735 atque
811 657 948 736 universo
963 664 1068 716 senatu
1076 675 1147 735 per·

159 749 278 804 astaret
299 743 330 801 in
352 743 469 818 incepto
490 740 601 799 inmitis
621 741 751 810 animus,
780 746 842 799 tum
865 747 949 818 pater
964 739 1003 800 Μ.
1023 738 1146 803 Fabius:

114 901 117 906 Ι
154 859 157 862 -
187 825 330 906 „quando
343 823 461 904 quidem
471 831 489 854 “
506 824 602 902 inquit
615 821 718 902 „apud
734 829 763 882 te
781 840 836 882 nec
852 824 1011 883 auctoritas
1029 832 1148 884 senatus

157 979 159 984 ,
188 928 245 983 nec
259 917 339 970 aetas
353 925 433 978 mea,
452 907 499 966 cui
514 907 668 967 orbitatem
685 913 787 985 paras,
813 923 869 966 nec
889 907 981 967 virtus
996 905 1148 982 nobilitas·

187 1012 244 1074 que
255 993 391 1070 ¹magistri
403 991 534 1069 equitum
549 1008 565 1064 a
579 998 608 1051 te
622 987 686 1070 ipso
701 990 844 1050 nominati
858 987 949 1060 valet,
962 1007 1018 1050 nee
1032 1009 1147 1069 preces,

113 1133 114 1136 ,
160 1137 163 1142 ,
188 1095 263 1156 quae
278 1094 365 1155 saepe
380 1074 495 1134 bostem
510 1068 694 1152 mitigavere,
712 1092 786 1153 quae
805 1073 929 1136 deorum
946 1075 1006 1134 iras
1018 1071 1147 1153 placant,

187 1159 321 1220 tribunos
344 1157 438 1237 plebis
460 1156 577 1238 appello.
600 1166 630 1219 et
646 1175 775 1237 provoco
798 1157 835 1217 ad
856 1156 998 1237 populum
1021 1175 1148 1237 eumque

65 1281 68 1286 ·
159 1243 249 1314 sobi,
266 1244 390 1321 fugienti
403 1243 550 1302 exercitus
565 1243 617 1314 tui,
634 1243 757 1320 fugienti
771 1248 890 1302 senatus
907 1241 1056 1312 iudicium,
1073 1241 1148 1304 iudi·

188 1346 252 1388 cem
269 1326 349 1398 lero,
364 1327 414 1405 qui
429 1332 509 1386 certe
530 1343 607 1387 unus
627 1325 693 1405 plus
714 1343 802 1404 quam
823 1333 874 1389 tua
889 1325 1034 1386 dictatura
1050 1333 1150 1405 potest

186 1410 343 1490 polletque.
373 1408 489 1477 videro,
514 1425 689 1470 cessurusne
709 1410 910 1488 provocationi
932 1410 986 1479 sis,
1018 1411 1076 1469 eui·
1094 1428 1148 1472 rex

158 1495 335 1556 allomauus
352 1491 454 1553 Tullus
469 1492 609 1553 Hostilius
624 1494 742 1554 cessit.“
775 1511 811 1552 ex
827 1493 910 1552 curia
927 1493 959 1552 in
977 1495 1147 1554 contionem

180 1581 254 1640 itur.
281 1595 422 1658 quocum
439 1575 542 1655 paucis
559 1575 698 1648 dictator,
721 1595 790 1637 cum
807 1575 887 1637 omni
903 1575 1020 1652 agmine
1034 1579 1146 1656 princi·

185 1680 256 1740 pum
277 1661 417 1737 magister
438 1659 569 1738 equitum
590 1676 658 1722 cam
678 1660 872 1730 escendisset,
897 1659 1002 1721 deduci
1021 1678 1087 1721 eum
1110 1661 1147 1722 de

147 1746 291 1806 rurestris
305 1743 440 1823 Papirius
454 1744 487 1802 in
509 1752 623 1820 partem
645 1743 819 1823 inferiorem
837 1743 931 1821 iussit
963 1751 1080 1805 secutus
1116 1763 1147 1806 a·

150 1849 154 1856 ’
186 1837 247 1889 ter:
264 1827 361 1900 „bene
375 1828 458 1905 agis“
472 1828 568 1905 inquit
581 1847 676 1910 „cum
692 1847 728 1889 eo
742 1837 797 1888 nos
812 1827 918 1888 deduci
929 1829 1049 1900 iussisti,
1067 1828 1147 1904 unde

188 1921 218 1973 et
231 1913 338 1992 privati
357 1929 459 1971 vocem
481 1911 598 1973 mittere
619 1920 804 1992 possemus“
835 1911 878 1972 ibi
895 1913 992 1991 primo
1010 1920 1147 1974 nontam

109 2040 117 2046 ..
146 2001 174 2052 11
186 2003 346 2075 perpetuae
361 1997 511 2066 orationes
522 2014 609 2076 quarn
622 1995 773 2057 altercatio
790 1994 1029 2057 exaudiebantur.
1056 1997 1146 2058 vincit

186 2078 292 2139 deinde
306 2079 462 2159 strepitum
479 2097 536 2141 vox
548 2077 581 2141 ¹et
601 2081 764 2159 indignatio
779 2079 852 2143 Fabi
873 2081 966 2147 senis,
987 2080 1145 2158 increpan-

144 2164 222 2224 lttis
235 2161 406 2240 superbiam
422 2163 683 2244 crudelitatemque
704 2165 821 2243 Papiri:
843 2181 875 2224 se
891 2177 1007 2242 quoque
1023 2163 1146 2224 dictato-

185 2257 248 2308 rem
263 2246 374 2308 liomae
390 2246 494 2317 luisse,
511 2265 567 2309 nee
582 2267 640 2310 ase
656 2265 847 2329 quemquam,
866 2266 904 2308 ne
918 2246 1014 2325 plebis
1026 2241 1146 2328 quidem

143 2336 175 2390 13
186 2331 350 2400 bominem,
366 2349 427 2392 non
438 2334 658 2404 centurionem,
675 2349 735 2392 non
747 2331 870 2412 militem
884 2329 1039 2401 violaturm
1060 2326 1146 2409 Papi·

184 2416 262 2475 rium
276 2424 426 2494 tamquam
445 2433 481 2475 ex
495 2417 625 2477 bostium
642 2415 781 2486 ducibus,
798 2416 841 2476 sie
856 2433 891 2475 ex
905 2415 1039 2476 Romano
1052 2417 1147 2494 impe·

172 2496 283 2560 ⁴ratore
297 2499 451 2559 victoriam
464 2507 492 2560 et
503 2499 687 2579 triumphum
700 2508 813 2579 petere.
844 2510 985 2579 quantum
999 2501 1147 2560 interesse

183 2585 261 2644 inter
276 2582 510 2664 moderationem
525 2585 714 2664 antiquorum
730 2590 760 2644 et
771 2601 876 2644 noram
891 2579 1061 2661 superbiam
1077 2598 1147 2644 cru·

143 2675 175 2724 14
186 2665 406 2746 delitatemque!
437 2666 611 2729 dictatorem
630 2668 799 2739 Quinotium
824 2667 1030 2728 Cincinnatum
1054 2667 1087 2726 in
1111 2667 1145 2728 L.

171 2751 344 2813 ,Minucium
362 2749 511 2812 considam
535 2771 571 2812 ex
585 2751 739 2812 obsidione
754 2769 771 2811 a
786 2769 819 2812 se
833 2758 968 2830 ereptum
990 2769 1051 2812 non
1066 2749 1149 2811 ultra-

184 2833 324 2902 saevisse,
341 2851 429 2911 quarn
444 2841 478 2894 ut
491 2832 620 2912 legatum
636 2854 703 2895 eum
719 2834 756 2894 ad
773 2835 935 2896 exercitum
951 2852 1007 2912 pro
1023 2833 1147 2895 consule

142 2923 174 2976 lo
186 2915 378 2995 relinqueret.
409 2915 448 3000 Μ.
463 2916 585 2978 Furium
600 2917 753 2979 Camillum
774 2921 805 2983 in
819 2919 851 2979 L.
868 2918 973 2990 Furio,
997 2920 1048 2998 qui
1073 2936 1147 2978 con·

184 3009 296 3080 tempta
306 3018 358 3060 sua
373 3010 524 3062 senectute
540 3009 569 3062 et
583 3003 756 3063 auctoritate
770 3001 939 3064 foedissimo
955 3020 1022 3062 cum
1038 3009 1148 3072 eventu

182 3092 355 3165 pugnasset,
371 3101 431 3144 non
447 3083 541 3147 solum
555 3087 588 3146 in
605 3087 772 3168 praesentia
788 3086 974 3147 moderatum
989 3087 1051 3147 irae
1068 3103 1145 3156 esse,

142 3175 220 3234 lone
235 3167 305 3248 quid
320 3168 356 3229 de
368 3166 482 3247 collega
492 3173 577 3231 secus
591 3170 700 3252 populo
712 3178 761 3232 aut
774 3171 890 3231 senatui
903 3168 1062 3239 scriberet,
1079 3168 1145 3238 sed,

184 3270 251 3313 eum
265 3254 450 3328 revertisset,
466 3255 650 3332 potissimum
671 3274 708 3316 ex
720 3253 849 3322 tribunis
867 3252 1070 3314 consularibus
1089 3253 1146 3312 ba·

175 3333 296 3407 ¹buisse,
313 3353 474 3414 quem-ex
490 3339 609 3417 collegis
624 3340 743 3419 optione
755 3337 791 3398 ab
809 3344 912 3398 senatu
929 3336 1011 3406 data,
1030 3337 1146 3397 socium

142 3417 242 3478 llsibi
254 3419 372 3498 imperii
393 3413 542 3496 deligeret.
580 3437 648 3494 nam
663 3420 765 3502 populi
786 3422 918 3500 quidem,
943 3439 1034 3500 penes
1054 3419 1144 3500 quem

1247 567 1248 648 l

1247 663 1248 694 t
