2538 3946
194 205 256 271 168
388 219 484 262 mua
498 220 530 261 x.
544 217 613 262 ost.
627 202 669 259 te.
684 204 729 260 ω.
743 194 785 278 [a.
798 219 831 260 u.
846 218 874 260 c.
888 194 953 278 458]

148 375 185 430 lt
196 366 380 436 Volumnius,
402 385 490 444 quam
510 366 620 445 Appius
637 365 673 424 ad
692 364 807 425 hostem
824 364 1006 444 perveniret:
1050 363 1159 444 ltaque

193 452 291 511 ironte
312 449 458 527 inaequali
476 467 653 509 concursum
675 456 734 516 est;
760 456 791 508 et
815 447 894 508 velut
918 447 995 506 iorte
1023 448 1156 526 quadam

192 541 324 594 mutante
338 535 475 593 adsuetos
493 535 569 593 inter
583 551 616 592 se
636 532 735 592 hostes
749 533 865 592 Etrusci
878 530 1046 600 Volumnio,
1065 532 1155 591 Sam·

193 619 283 687 nites,
306 635 466 696 parumper
480 618 622 686 cunctati,
644 617 712 694 quia
725 616 784 675 dux
797 615 915 684 aberat,
934 615 1029 692 Appio
1044 632 1154 674 occur·

150 707 273 760 lit-erc.
308 702 415 759 dicitur
428 702 539 778 Appius
560 701 590 758 in
611 700 708 758 medio
728 717 843 776 pugnae
857 698 1042 767 discrimine,
1061 699 1103 758 ita
1117 705 1153 758 ut

191 784 271 842 inter
284 787 378 861 prima
392 785 475 860 signa
490 782 626 842 manibus
640 782 677 842 ad
692 781 805 842 caelum
825 780 948 840 sublatis
962 782 1150 860 conspicere·

192 861 256 936 tur,
272 869 311 926 ita
325 876 462 946 precatus
473 885 554 927 osse:
583 865 746 936 ‚‚Bellona,
763 867 788 926 si
801 866 889 924 bodie
901 864 987 924 nobis
996 865 1150 924 victoriam

150 954 184 1008 u
195 949 274 1019 duis,
295 958 339 1008 ast
359 969 414 1026 ego
437 949 491 1008 tibi
513 948 653 1027 templum
671 958 791 1030 voveo?
821 950 895 1008 baec
917 956 1054 1026 precatus
1072 947 1151 1007 velut

192 1034 350 1108 instigante
366 1033 420 1090 dea
432 1042 463 1091 et
476 1034 539 1112 ipse
550 1032 680 1109 collegae
695 1040 724 1092 et
735 1033 881 1091 exercitus
895 1033 1031 1091 tirtutem
1042 1048 1150 1110 aequa·

192 1116 233 1172 rit
246 1114 338 1174 ducis.
364 1123 393 1173 et
406 1117 497 1176 duces
515 1117 704 1194 imperatoria
725 1133 815 1194 opera
829 1123 1020 1182 exsecuntur,
1043 1121 1073 1174 et
1092 1115 1149 1174 mi-

193 1195 273 1265 lites,
287 1215 324 1255 ne
339 1197 375 1255 ab
387 1197 478 1257 altera
493 1207 577 1277 parte
591 1200 673 1277 prius
682 1200 802 1258 victoria
817 1199 952 1276 incipiat,
967 1197 1148 1257 adnituntur.

151 1286 185 1341 lt
195 1298 267 1356 ergo
279 1281 404 1341 tundunt
416 1281 575 1362 fugantque
586 1283 685 1343 hostes
696 1284 838 1343 maiorem
850 1281 957 1341 molem
969 1279 1047 1339 baud
1062 1279 1149 1340 iacilo

193 1366 384 1433 sustinentes,
405 1385 493 1443 quam
509 1385 576 1426 cum
591 1385 648 1445 qua
668 1383 773 1426 manus
790 1383 948 1425 conserere
968 1363 1080 1424 adsueti
1102 1363 1149 1424 lu·

193 1457 286 1507 erant.
325 1450 458 1526 urgendo
468 1450 606 1509 cedentes
620 1449 860 1527 insequendoque
871 1449 979 1508 eiiusos
989 1446 1150 1524 conpulere

150 1537 185 1589 ω
195 1531 230 1590 ad
247 1538 352 1590 castra.
388 1532 429 1590 ibi
443 1535 609 1592 interventu
626 1532 711 1594 Gellii
727 1533 950 1609 cohortiumque
965 1529 1148 1590 Sabellarum

192 1611 342 1692 paulisper
366 1616 518 1674 recruduit
535 1633 643 1692 pugna.
675 1617 721 1675 his
742 1632 858 1694 quoque
880 1633 948 1673 mox
968 1614 1039 1674 lusis
1056 1615 1150 1674 iama

150 1703 182 1753 21
195 1697 355 1754 victoribus
374 1706 468 1757 castra
490 1698 749 1776 oppugnabantur:
769 1707 798 1757 et
818 1716 884 1758 cum
895 1696 1066 1757 Volumnius
1084 1699 1150 1776 ipse

193 1787 296 1856 portae
319 1781 401 1854 signa
420 1781 555 1850 interret,
578 1782 688 1860 Appius
706 1781 856 1841 Bellonam
871 1782 1021 1840 victricem
1041 1780 1149 1840 identi-

194 1860 260 1920 dem
284 1861 437 1921 celebrans
457 1864 633 1924 accenderet
652 1864 777 1924 militum
799 1867 927 1932 animos,
952 1882 1007 1942 per
1031 1862 1148 1934 vallum,

150 1951 249 2023 etper
271 1945 362 2004 lossas
386 1947 570 2025 inruperunt.
607 1955 700 2008 castra
722 1957 804 2026 capta
824 1948 1010 2025 direptaque,
1037 1947 1149 2026 praeda

192 2027 297 2104 ingens
313 2039 395 2107 parta
408 2038 436 2089 et
453 2030 539 2090 militi
553 2049 691 2090 concessa
701 2038 754 2092 est.
785 2039 897 2108 septem
913 2030 992 2089 milia
1007 2032 1150 2108 nongenti

193 2110 320 2170 bostium
337 2113 439 2183 occisi,
458 2113 609 2174 duomilia
626 2121 655 2174 et
669 2123 785 2175 eentum
804 2115 904 2191 viginti
920 2115 1007 2191 capti.

167 2200 178 2250 t
255 2193 316 2254 llll.
347 2195 420 2254 llarm
448 2197 534 2258 ambo
561 2197 696 2258 consules
721 2201 875 2276 omnisque
896 2199 1026 2262 nomana
1050 2198 1093 2256 ris
1115 2199 1148 2258 in

192 2276 347 2338 Etruscum
364 2278 471 2339 bellum
487 2283 579 2359 magis
595 2282 730 2350 inclinat,
746 2284 775 2341 in
788 2283 907 2341 Samnio
923 2282 989 2340 novi
1002 2282 1148 2340 exercitus

193 2363 288 2420 exorti
307 2361 343 2420 ad
366 2364 548 2440 populandos
570 2367 686 2443 imperii
700 2365 823 2424 liomani
843 2365 916 2424 fines
939 2382 994 2443 per
1009 2366 1148 2424 Vescinos

192 2443 223 2502 ln
239 2443 426 2522 Campaniam
447 2447 663 2527 Falernumque
686 2467 789 2525 agrum
810 2447 1021 2508 transcendunt
1042 2449 1147 2525 ingen7

162 2532 292 2604 ttesque
307 2529 431 2605 praedas
448 2529 567 2591 iaciunt.
603 2531 786 2592 Volumnium
808 2533 923 2608 magnis
943 2530 1099 2590 itineribus
1115 2534 1147 2590 in

194 2609 345 2669 Samnium
362 2611 534 2673 redeuntem
551 2647 588 2658 —
604 2615 663 2674 iam
679 2617 756 2675 enim
774 2614 863 2674 Fabio
879 2615 1026 2694 Decioque
1041 2633 1146 2693 proro-

192 2694 252 2770 gati
270 2696 387 2770 imperii
409 2697 475 2757 finis
494 2697 596 2757 aderat
613 2733 651 2742 -
666 2697 742 2758 lama
763 2698 799 2758 de
820 2699 993 2758 Samnitium
1015 2699 1146 2759 exercitu

192 2776 485 2856 populationibusque
508 2781 648 2860 Campani
668 2783 732 2858 agri
752 2782 789 2841 ad
814 2782 938 2842 tuendos
959 2783 1055 2842 socios
1074 2799 1145 2841 con-

162 2860 286 2916 tvertit.
318 2867 350 2917 ut
366 2861 395 2919 in
408 2861 547 2923 Calenum
565 2881 667 2941 agrum
683 2867 776 2934 venit,
790 2873 819 2925 et
831 2867 895 2944 ipse
907 2867 1001 2926 cernit
1015 2867 1146 2927 recentia
1183 2869 1186 2876 ’

192 2937 283 3000 cladis
298 2944 434 3019 vestigia,
456 2956 485 3007 et
502 2945 599 3007 Caleni
616 2955 737 3007 narrant
750 2955 862 3009 tantum
877 2950 935 3008 iam
951 2948 1076 3028 praedae
1091 2949 1146 3008 ho·

164 3026 245 3084 istis
264 3025 397 3095 trabere,
419 3036 451 3088 ut
471 3032 518 3090 vix
534 3029 680 3108 explicare
695 3049 800 3108 agmen
818 3035 945 3110 possint:
967 3035 1065 3110 itaque
1086 3034 1145 3092 iarn

192 3108 343 3188 propalam
357 3110 446 3172 duces
457 3112 552 3192 loqui,
567 3115 712 3193 extemplo
724 3117 852 3176 eundum
864 3117 895 3174 in
908 3117 1058 3176 Samnium
1070 3133 1144 3185 esse,

191 3200 224 3253 ut
234 3193 334 3253 relicta
347 3194 386 3253 ibi
404 3199 512 3273 praeda
522 3199 553 3258 in
565 3199 781 3277 expeditionem
793 3199 924 3269 redeant,
936 3217 991 3258 nec
1003 3207 1061 3260 tam
1075 3217 1139 3258 one·

161 3281 287 3336 tratum
303 3295 407 3354 agmen
424 3281 602 3342 dimicationi
613 3283 803 3348 committant.
832 3301 864 3342 ea
876 3301 1051 3361 quamquam
1064 3282 1144 3340 simi-

190 3357 228 3419 lia
254 3363 331 3420 veris
352 3372 448 3433 erant,
475 3368 582 3425 certius
604 3373 702 3426 tamen
725 3367 903 3445 exploranda
925 3373 1005 3426 ratus
1026 3364 1145 3424 dimittit

190 3443 318 3520 equites,
334 3446 384 3521 qui
395 3452 483 3525 vag'os
496 3448 686 3526 praedatores
700 3451 730 3508 in
745 3451 823 3526 agris
837 3448 971 3526 palantes
983 3449 1143 3525 excipiant·
