2532 3938
187 151 206 208 4
334 161 426 202 crass
440 160 576 204 111010.
592 151 618 200 1.
631 149 657 203 3.
673 150 700 202 4.
716 138 755 224 [a.
767 164 798 202 u.
815 164 840 203 0.
856 148 914 201 391..
929 141 990 224 392]

187 326 273 388 quam
289 308 326 368 ab
341 326 413 370 sano
428 309 510 369 initio
526 325 575 369 res
591 309 775 372 1011100111
791 308 938 388 opulentis
952 312 1052 388 regnis
1071 312 1142 373 tolc-

186 392 311 454 rabilem
329 394 472 453 insaniam
486 395 607 455 venerit.
952 459 956 466 ,
1049 419 1053 426 ·

157 493 170 544 1
248 477 296 537 111.
318 477 378 538 Nec
392 485 490 538 tamen
511 477 647 539 ludorum
663 478 791 557 primum
812 478 928 537 initium
949 480 1143 557 procurandis

186 560 377 639 religionibus
392 560 489 622 datum
505 567 555 621 aut
570 561 713 639 religione
733 561 845 621 animos
860 569 910 620 aut
924 579 1049 640 corpora
1064 582 1139 623 mor·

154 661 171 710 2
185 644 231 704 bis
247 644 358 716 levavit,
375 645 563 725 quinetiam,
580 664 646 706 curn
662 644 775 705 medios
790 643 966 705 forteludos
984 646 1080 706 circus
1095 647 1142 707 'li-

184 727 250 789 beri
266 729 421 809 superfuso
441 730 585 805 inrigatus
600 729 776 808 inpedisset,
796 727 827 787 id
847 746 916 789 1010
938 728 1017 789 velut
1034 733 1143 794 aversis

183 814 242 874 iarn
260 813 315 873 diis
329 811 613 892 aspernantibusque
629 812 793 891 placamina
806 813 869 872 irae
883 821 1028 873 terrorem
1040 817 1142 891 ingen·

152 905 243 969 stem
261 898 339 958 lecit.
375 898 474 975 itaque
490 896 520 956 d.
538 896 669 956 Genucio
683 897 716 956 L.
732 893 855 956 Aemilio
870 896 1018 957 Mamerco
1037 899 1143 960 iterum

183 980 354 1043 consulibus
365 997 432 1040 cum
446 979 629 1058 piaculorum
640 981 735 1056 magis
746 981 918 1058 conquisitio
930 983 1044 1042 animos
1056 1001 1142 1059 quam

183 1083 309 1144 corpora
323 1063 420 1124 morbi
434 1063 603 1133 adficerent,
616 1065 772 1142 repetitum
789 1082 825 1123 ex
837 1065 986 1124 seniorum
1002 1067 1140 1130 memoria

184 1150 299 1219 dicitur,
312 1147 508 1227 pestilentiam
521 1147 670 1226 quondam
682 1146 764 1207 01110
779 1147 815 1207 ab
832 1147 973 1208 dictatore
987 1149 1044 1210 fixo
1059 1149 1142 1208 seda·

152 1252 169 1301 4
183 1242 252 1294 tarn.
276 1251 310 1292 ea
322 1232 465 1310 religione
477 1231 620 1292 adductus
632 1239 750 1292 senatus
761 1231 935 1292 dictatorem
950 1231 1023 1292 clavi
1035 1233 1143 1311 figendi

185 1325 270 1378 causa
292 1317 350 1378 dici
369 1317 461 1376 iussit.
504 1315 599 1376 dictus
614 1317 646 1376 L.
663 1315 786 1377 llanlius
807 1315 985 1395 Imperiosus
1004 1317 1037 1376 L.
1055 1317 1138 1376 Pina·

151 1418 168 1468 b
183 1403 259 1462 rium
276 1402 448 1478 magistrum
464 1402 596 1480 equitum
612 1400 694 1459 dixit.
729 1398 776 1459 lex
791 1407 904 1460 vetusta
921 1407 973 1469 est.
990 1402 1094 1478 priscis
1108 1399 1142 1459 li·

182 1488 254 1546 10110
269 1484 424 1562 verbisque
440 1485 563 1563 scripta,
584 1493 617 1543 ut
636 1485 687 1561 qui
700 1491 819 1562 praetor
834 1485 977 1544 maximus
996 1486 1033 1544 sit
1046 1483 1143 1543 idibus

183 1567 408 1648 Septembribus
427 1566 540 1627 clavum
556 1575 679 1645 pangat;
698 1567 754 1627 lira
774 1567 830 1627 fuit
845 1567 948 1628 dextro
963 1567 1048 1627 lateri
1064 1567 1143 1626 aedis

184 1652 259 1713 lovis
276 1653 380 1730 optimi
394 1651 529 1719 maximi,
547 1669 582 1710 ex
597 1669 654 1730 qua
668 1659 751 1729 parte
767 1651 914 1710 Minervae
932 1652 1073 1728 templum
1091 1658 1141 1711 est.

150 1751 251 1804 1011111
271 1735 392 1804 clavum,
410 1735 476 1813 quia
491 1752 577 1794 rarae
590 1752 645 1813 per
661 1753 694 1795 ea
709 1741 840 1812 tempora
855 1735 958 1796 literae
975 1745 1073 1804 erant,
1091 1753 1142 1796 no·
1207 1737 1209 1740 ’

118 1859 121 1864 -
150 1827 243 1885 11110
259 1818 374 1879 numeri
389 1835 534 1879 annorum
550 1818 639 1880 luisse
663 1819 777 1888 ferunt,
798 1837 891 1896 eoque
906 1820 1054 1879 Minervae
1069 1827 1142 1879 tem·

182 1904 231 1983 plo
246 1903 370 1963 dicatam
389 1900 500 1980 legem,
520 1904 588 1981 quia
609 1920 750 1963 numerus
764 1902 911 1963 Minervae
931 1905 1080 1965 inventum
1096 1905 1142 1964 sit.

181 1986 319 2047 Volsiniis
341 2005 457 2066 quoque
480 1985 576 2047 clavos
588 1987 704 2048 indices
724 1988 840 2047 numeri
858 2004 1003 2048 annorum
1023 1988 1096 2048 fixos
1111 1989 1143 2046 in

183 2069 293 2149 templo
307 2070 443 2141 Nortiae,
458 2069 600 2131 Etruscae
615 2069 701 2141 deae,
718 2088 882 2149 conparere
897 2071 1022 2149 diligens
1041 2070 1142 2131 talium

150 2170 167 2222 s
182 2160 439 2215 monumentorum
459 2160 559 2214 auctor
573 2154 690 2215 Cincius
705 2154 848 2214 adfirmat.
885 2155 1023 2221 Horatius
1041 2153 1144 2215 consul

182 2256 216 2300 ca
231 2237 297 2316 lege
311 2236 455 2316 templum
470 2238 544 2298 lovis
562 2241 666 2317 optimi
685 2239 804 2299 maximi
821 2238 966 2300 dedicavit
981 2257 1059 2299 anno
1076 2245 1144 2317 post

154 2336 159 2344 ·
180 2340 266 2400 reges
281 2330 412 2390 exactos;
436 2321 634 2384 aconsulibus
647 2329 749 2402 postea
764 2322 801 2383 ad
818 2321 984 2394 dictatores,
1001 2325 1068 2402 quia
1079 2341 1142 2384 ma-

179 2407 226 2466 lus
242 2407 399 2485 imperium
422 2413 498 2475 erat,
520 2405 662 2467 sollemne
677 2405 750 2466 clavi
764 2406 874 2484 figendi
890 2405 1065 2468 translatum
1082 2413 1143 2475 est;

180 2490 349 2552 intermisso
370 2488 475 2549 deinde
491 2507 575 2550 more
590 2491 676 2569 digna
692 2491 780 2550 etiam
795 2509 849 2568 per
864 2508 897 2552 se
911 2492 970 2551 visa
985 2508 1049 2559 res,
1073 2508 1142 2569 pro·

149 2582 246 2653 011101
267 2592 354 2651 quam
379 2573 503 2634 dictator
527 2581 687 2635 crearetur.
727 2591 784 2653 qua
807 2574 844 2634 de
865 2593 951 2636 causa
975 2581 1092 2636 creatus
1107 2575 1141 2634 L.

142 2727 152 2738 ,
180 2655 318 2725 Manlius,
336 2657 460 2735 perinde
475 2676 509 2717 10
524 2661 569 2717 rei
584 2658 720 2744 publicae
736 2657 883 2736 gerendae
900 2677 935 2720 ac
952 2678 1012 2720 11011
1027 2659 1141 2720 solven-

181 2739 235 2800 dae
250 2739 392 2818 religione
408 2742 501 2818 gratia
517 2749 633 2803 creatus
648 2749 741 2812 esset,
760 2741 869 2803 bellum
885 2743 1046 2806 Hernicum
1061 2741 1113 2804 adi
1129 2775 1142 2788 ·

180 2829 263 2883 ctans
279 2822 386 2882 dilectu
401 2823 508 2883 acerbo
521 2826 701 2887 iuventutem
716 2827 840 2904 agitavit,
855 2827 1032 2906 tandemque
1047 2829 1142 2888 omni·

180 2905 236 2966 bus
254 2908 285 2965 in
310 2924 377 2966 eum
397 2906 524 2968 tribunis
540 2909 635 2988 plebis
658 2912 766 2990 coortis
786 2930 838 2971 seu
856 2913 882 2970 ri
898 2930 950 2972 seu
966 2911 1141 2972 verecundia

180 2992 274 3051 victus
289 2990 431 3050 dictatura
449 2991 528 3052 abiit.

150 3080 163 3132 l
239 3075 285 3136 lV.
307 3075 409 3153 Neque
426 3093 460 3134 eo
472 3078 570 3137 minus
582 3079 728 3155 principio
744 3079 925 3158 insequentis
941 3079 1140 3150 1111110101-

181 3158 248 3219 vilio
261 3158 352 3219 Ahala
366 3159 397 3219 L.
415 3159 545 3220 Genucio
564 3161 733 3222 consulibus
751 3162 814 3221 dies
827 3162 935 3223 Manlio
953 3163 1059 3224 dieitur
1073 3163 1139 3223 all.

147 3247 165 3296 2
179 3243 342 3322 Pomponio
358 3242 478 3304 tribuno
495 3244 598 3323 plebis.
628 3245 772 3306 acerbitas
785 3247 817 3305 in
833 3246 942 3308 dilectu
958 3267 1017 3308 non
1032 3248 1140 3308 damno

179 3326 268 3384 modo
285 3328 400 3395 civium,
412 3327 464 3387 sed
479 3331 567 3388 etiam
580 3327 758 3390 laceratione
772 3347 931 3406 corporum
945 3331 1013 3402 lata,
1032 3332 1140 3410 partim

180 3407 268 3484 virgis
284 3411 375 3469 caesls
405 3411 455 3474 cni
471 3409 507 3470 ad
525 3413 644 3472 nomina
659 3429 719 3472 non
733 3413 969 3491 respondissent.
988 3418 1095 3494 partim
1107 3417 1139 3476 in
