2542 3956
158 167 222 252 354
320 179 413 220 arnan
427 177 517 220 xxrrr.
537 175 606 220 car.
622 163 664 216 33.
679 161 722 216 34.
741 153 780 236 [a.
796 175 828 216 n.
847 175 873 214 c.
890 149 951 234 b39]

158 329 296 388 traiceret
309 334 339 387 ct
353 333 482 388 vastaret
501 325 678 388 maritimam
695 340 792 390 oram,
815 318 925 380 bellum
946 338 1001 399 pro
1026 331 1117 401 parte

110 418 147 470 11
159 429 211 473 sna
231 419 312 473 terra
333 413 466 491 marique
488 417 620 489 gererem
650 407 700 468 uhi
721 403 898 468 debellatum
917 411 1009 474 esset,
1028 405 1116 467 ltalia

157 495 253 556 omnis
263 512 330 556 cum
343 495 406 575 ipsa
419 493 493 555 urbe
504 493 596 555 Roma
607 489 891 569 Carthaginiensium
904 496 991 568 atqua
1001 489 1111 550 llaoni·

117 585 148 636 12
158 576 232 640 halis
247 586 338 648 esset,
358 578 526 658 praedaque
543 576 638 636 omnis
660 571 816 636 Hannibali
841 571 975 642 cederem
1005 574 1112 653 perdo·

157 663 228 724 mita
247 662 329 724 ltalia
349 664 521 741 navigarent
543 661 573 721 in
588 660 742 722 Graeciam
756 656 941 735 bellumque,
965 674 1031 718 cum
1047 659 1114 736 qni-

158 745 214 808 bus
236 748 301 825 regi
331 746 477 825 placeret,
505 751 659 824 gererent3
685 759 761 824 quae
783 741 913 801 civitates
933 741 1114 802 continentis

158 847 292 910 quaeque
306 828 419 892 insulae
435 830 471 890 ad
486 827 686 906 Macedoniam
701 833 842 904 vergunt,
858 841 910 885 eae
921 823 1050 906 Philippi
1064 844 1114 886 re·

159 915 269 994 gnique
284 915 346 975 eius
362 920 469 974 essent.

130 1003 143 1053 1
218 995 349 1060 XXXIV.
379 996 412 1057 ln
434 996 487 1058 has
501 995 595 1056 terme
608 993 690 1073 leges
704 993 782 1054 inter
797 993 930 1054 Poenum
949 991 1054 1054 ducem
1069 991 1112 1054 le·

127 1087 296 1160 agatosque
311 1079 502 1141 Macedonum
528 1080 618 1139 ictum
642 1077 760 1146 foedum
787 1077 927 1157 missique
941 1094 1010 1137 cum
1024 1076 1060 1136 iis
1074 1077 1111 1137 ad

156 1165 235 1242 regis
256 1164 348 1244 ipsius
366 1163 540 1224 firmandam
563 1161 651 1222 fldem
675 1158 779 1239 legati,
802 1160 891 1238 Gisgo
913 1167 943 1221 et
961 1159 1064 1222 bostar
1079 1171 1109 1223 ct

156 1245 259 1326 Mago,
285 1247 389 1310 eodem
409 1246 446 1308 ad
463 1247 583 1308 lunonis
599 1244 752 1315 Laciniae,
773 1242 824 1305 ubi
845 1246 927 1306 navis
950 1241 1064 1306 occulta
1076 1249 1109 1304 in

127 1337 144 1388 3
157 1331 283 1392 statione
295 1339 372 1402 erat,
399 1333 583 1412 perveniunt.
612 1329 682 1390 inde
696 1328 822 1408 proiecti
837 1346 904 1389 cum
922 1327 1013 1390 altum
1028 1335 1109 1388 tene·

156 1422 237 1486 rent,
255 1418 435 1494 conspectio
452 1413 544 1478 classe
556 1414 686 1474 Romana
702 1419 784 1483 sunt,
796 1431 870 1492 quae
885 1412 1032 1492 praesidio
1048 1419 1112 1471 erat

126 1497 309 1560 4Calabriae
327 1498 470 1560 litoribus.
502 1496 634 1558 Valerius
648 1495 771 1558 Flaccus
791 1513 928 1575 cercyros
949 1494 987 1556 ad
1009 1514 1112 1576 perse·

156 1584 303 1661 quendam
328 1583 594 1660 retrahendamque
618 1597 722 1641 narem
745 1599 810 1641 cum
842 1580 983 1650 misisset,
1011 1580 1108 1659 primo

156 1665 258 1745 lugere
272 1669 347 1745 regii
363 1667 473 1735 conati;
490 1666 613 1734 deinde,
629 1663 681 1724 ubi
696 1662 844 1725 celeritate
855 1665 933 1724 vinci
944 1673 1108 1734 senserunt,

129 1749 277 1810 ananum
286 1768 319 1810 se
330 1749 481 1819 Romania,
495 1747 571 1808 etad
583 1746 766 1826 praelectum
779 1747 880 1808 classis
890 1747 1020 1814 adducti,
1039 1765 1108 1808 cum

154 1838 325 1911 quaereret,
347 1832 398 1911 qui
416 1839 445 1892 et
464 1830 543 1892 unde
558 1838 588 1892 et
603 1849 661 1911 quo
679 1832 835 1894 tenderent
851 1849 988 1900 cursum,
1009 1829 1108 1892 Xeno-

154 1916 267 1994 phanes
281 1917 377 1996 primo
391 1917 462 1977 satis
475 1917 534 1976 iam
548 1914 640 1976 semel
654 1914 724 1978 felix
738 1915 924 1978 mendacium
938 1921 1068 1985 struere,
1092 1933 1109 1976 a

153 2001 289 2081 Philippo
301 2018 333 2061 se
344 2000 381 2061 ad
393 2000 542 2061 Romanos
555 1999 676 2060 missum
689 1999 725 2060 ad
739 1998 778 2061 lt.
789 1999 953 2069 Valerium,
969 1998 1007 2060 ad
1020 2018 1108 2080 quem

154 2102 247 2146 unum
262 2086 321 2144 iter
334 2091 429 2145 tutum
447 2083 550 2152 fuerit,
567 2083 751 2164 pervenisse,
767 2083 955 2162 Campaniam
967 2100 1108 2162 superare

125 2169 292 2248 unaquisse
314 2174 445 2248 saeptam
460 2166 587 2228 hostium
609 2167 772 2248 praesidiis.
802 2166 908 2227 deinde
928 2174 961 2228 ut
979 2167 1109 2228 Punicus

154 2252 248 2313 cultus
259 2250 434 2330 habitusque
448 2258 599 2330 suspectos
613 2249 726 2330 legatos
737 2250 807 2312 lecit
816 2249 998 2322 Hannibalis,
1015 2252 1107 2312 inter·

123 2344 139 2392 7
154 2343 329 2414 rogatusque
347 2353 445 2396 sermo
461 2334 604 2414 prodidit,
621 2341 684 2395 tum
696 2333 851 2396 comitibus
862 2353 965 2396 eorum
979 2333 1107 2396 seductis

153 2437 187 2479 ac
198 2425 279 2480 metu
289 2421 400 2479 territis
412 2417 529 2480 litterae
541 2437 657 2499 quoque
668 2417 705 2480 ab
716 2417 880 2480 Hannibale
891 2419 927 2479 ad
939 2418 1106 2500 Philippum

154 2505 290 2565 inuentae
315 2510 344 2563 et
369 2510 454 2581 pacta
474 2504 552 2563 inter
572 2520 673 2581 regem
697 2502 892 2564 Macedonum
915 2503 1107 2583 Poenumque

125 2587 270 2648 edacem.
300 2584 406 2667 quihus
420 2588 492 2648 satis
506 2587 631 2665 cognitis
648 2587 789 2666 optimum
806 2588 900 2648 visum
918 2595 963 2647 est
977 2588 1107 2666 captivos

155 2672 335 2750 comitesque
357 2687 459 2731 eorum
480 2669 605 2734 Romam
625 2671 662 2730 ad
683 2678 816 2731 sanatum
831 2679 882 2732 aut
898 2673 942 2732 ud
960 2669 1104 2738 consules,

125 2759 142 2809 9
155 2751 331 2833 ubicumque
346 2761 460 2826 essent,
474 2772 562 2834 quam
576 2755 704 2834 primum
719 2753 885 2833 deportare.
919 2754 956 2816 ad
969 2754 1000 2814 ld
1011 2752 1103 2814 celer·

153 2835 246 2894 rimae
261 2837 388 2913 quinque
403 2854 491 2898 naves
508 2835 655 2908 delectae,
673 2856 708 2899 ac
721 2838 757 2901 h.
773 2837 904 2900 Valerius
917 2839 1029 2908 Antias,
1052 2837 1102 2915 qui

151 2924 317 2999 praeesset,
333 2918 454 2988 missus,
470 2921 556 2998 eique
569 2919 756 2988 mandatum,
771 2929 805 2982 ut
819 2924 849 2983 in
861 2922 957 2984 omnis
968 2921 1047 2981 navis
1060 2919 1103 2980 le·

154 3010 237 3081 gatos
258 3001 414 3082 separathn
431 3001 639 3064 custodiendos
660 3002 803 3066 divideret
817 3006 957 3085 daretque
974 3021 1103 3084 operam,

154 3104 192 3146 ne
206 3085 286 3228 qupod
301 3087 337 3146 iis
352 3086 540 3166 conloquium
559 3088 637 3148 inter
652 3105 684 3148 se
698 3106 772 3149 neve
786 3106 862 3168 quae
877 3087 1104 3150 communicatio

154 3171 268 3230 consili
283 3176 370 3229 esset.

113 3257 147 3310 10
216 3251 367 3313 Paridem
387 3260 503 3334 tempus
516 3253 626 3315 Romae
642 3273 709 3316 cum
729 3255 763 3315 d.
781 3254 935 3318 Cornelius
948 3251 1102 3316 Mammula

156 3353 189 3395 ex
199 3334 332 3396 Sardinia
343 3339 493 3414 provincia
502 3337 649 3400 decedens
659 3337 826 3410 rettulisset,
838 3341 889 3419 qui
901 3346 992 3401 status
1001 3353 1101 3397 rerum

112 3423 143 3473 11
157 3419 188 3474 ia
210 3417 305 3478 insula
327 3427 417 3480 esset:
442 3419 551 3482 bellum
574 3440 608 3482 ac
628 3423 823 3485 deiectionem
842 3425 939 3485 omnia
961 3426 1101 3501 spectare,
