2538 3946
197 146 261 214 178
400 163 494 205 nmen
507 163 538 203 x.
554 159 623 204 one.
639 149 683 202 27.
698 147 742 201 28.
759 137 801 221 [e.
815 163 846 202 n.
861 157 886 200 c
902 139 964 222 459]

199 313 271 373 stris
287 329 473 392 quocumque
497 329 530 373 se
548 309 741 372 inclinassent
763 309 934 390 accipienda
949 307 1047 370 clades
1062 309 1165 373 inerit.
1266 273 1267 298 ἶ

166 395 325 458 iiixviii.
357 397 494 457 Ceterum
508 413 686 475 quamquam
710 396 875 456 communis
891 395 987 454 adhuc
1001 394 1079 454 lilars
1095 394 1169 458 belli
1266 397 1267 420 l

200 487 279 552 erat,
296 480 424 540 necdum
440 480 597 540 discrimen
616 478 735 539 fortuna
751 479 877 550 iecerat,
896 496 954 557 qua
970 479 1074 539 datura
1088 481 1167 540 vires
1266 479 1267 550 l

201 570 293 636 esset,
322 564 550 644 haudquaquam
580 563 683 623 similis
709 580 808 642 pugna
829 565 860 624 in
891 562 995 624 dextro
1023 561 1167 642 laevoque

171 655 294 709 tcornu
309 655 382 709 erat.
414 649 542 708 Romani
562 646 641 726 apud
660 646 784 708 Fabium
811 645 953 708 arcebant
967 649 1061 724 magis
1075 665 1165 725 quam
1266 675 1267 682 κ

199 731 368 794 inferebant
381 749 526 812 pugnam,
544 731 813 812 extrahebaturque
827 733 858 792 iu
872 749 961 812 quam
976 732 1102 791 maxime
1117 749 1165 792 sc·
1266 715 1267 794 J

169 823 264 880 trum
280 817 339 878 diei
354 825 521 888 certamen,
537 817 605 895 quia
622 817 661 876 ita
672 833 845 895 persuasum
860 824 924 877 erat
939 814 1016 885 duci,
1036 822 1066 875 et
1080 814 1166 876 Sam·
1266 835 1267 880 i

198 902 277 962 nites
295 910 325 961 et
342 900 441 960 Gallos
456 901 553 978 primo
569 900 682 980 impetu
697 900 813 961 feroces
830 917 911 970 esse,
933 918 1008 979 quos
1023 899 1166 960 sustineri
1266 897 1267 968 ζ

199 987 270 1046 satis
286 985 338 1053 sit;
359 979 495 1062 longiore
518 985 680 1046 certamine
701 985 810 1046 sensim
836 981 969 1045 residere
988 984 1167 1044 Samnitium
1266 1005 1267 1040 f

168 1070 330 1139 eanimos,
346 1067 496 1129 Gallorum
512 1068 632 1148 quidem
652 1070 740 1130 etiam
756 1086 882 1148 corpora
903 1067 1167 1127 intolerantissima

198 1151 310 1213 laboris
325 1159 413 1232 atque
429 1161 526 1213 aestus
537 1153 639 1224 liuere,
656 1153 810 1233 primaque
821 1151 932 1233 proelia
943 1151 1010 1232 plus
1022 1168 1111 1231 quam
1123 1152 1166 1210 vi·

171 1243 319 1320 brorum,
340 1243 493 1316 postrema
523 1237 622 1298 minus
647 1255 734 1316 quam
760 1237 939 1298 feminarum
968 1254 1043 1296 csse.
1076 1237 1108 1294 in
1135 1233 1167 1294 id

199 1328 319 1401 tempus
337 1322 443 1398 igitur,
459 1339 518 1401 quo
533 1322 610 1381 vinci
627 1320 740 1382 solebat
755 1321 863 1391 hostis,
889 1338 978 1398 quam
996 1321 1166 1397 integerru-

168 1410 186 1466 6
198 1424 263 1466 mas
277 1407 355 1466 vires
369 1405 456 1466 militi
470 1405 615 1466 servabat.
651 1404 781 1466 ferocior
796 1406 903 1466 Decius
925 1411 954 1464 et
969 1411 1064 1464 aetate
1078 1410 1109 1463 et
1123 1404 1165 1462 vi·

199 1507 272 1569 gore
299 1490 390 1550 animi
418 1497 690 1569 quantumcumque
722 1491 829 1550 virium
868 1488 972 1549 habuit
1003 1488 1166 1547 certamine

197 1575 295 1654 primo
312 1573 424 1633 eiiudit.
455 1581 485 1633 et
505 1575 572 1653 quia
591 1572 700 1633 lentior
719 1573 873 1634 videbatur
887 1572 1035 1652 pedestris
1056 1588 1165 1650 pugna,

170 1658 361 1736 'lequitatum
372 1657 403 1715 in
415 1674 546 1734 pugnam
561 1658 704 1728 concitat,
718 1664 748 1717 et
760 1658 825 1737 ipse
836 1657 1014 1718 lectissimae
1026 1656 1166 1716 iuvenum

197 1748 316 1802 turmae
337 1741 479 1800 inmixtus
504 1748 569 1801 orat
588 1757 729 1820 proceres
749 1742 924 1812 iuventutis,
946 1743 977 1800 in
1002 1741 1118 1800 bostem
1133 1747 1166 1800 ut

199 1842 300 1886 secum
315 1824 460 1903 impetum
475 1823 599 1885 iaciant:
616 1823 764 1905 duplicem
776 1823 894 1886 illorum
907 1823 1031 1904 gloriam
1048 1825 1122 1895 lore,
1141 1825 1164 1886 si
1266 1847 1267 1882 t

169 1907 236 1971 aab
255 1909 338 1970 laevo
355 1925 450 1969 cornu
464 1915 494 1969 et
505 1908 542 1969 ab
560 1909 658 1988 equite
672 1910 791 1970 victoria
807 1911 939 1989 incipiat.
968 1908 1014 1969 bis
1031 1915 1163 1968 avertere

199 1993 533 2073 Gallicumgequitatum.
563 1994 672 2055 iterum
688 1992 806 2072 longius
823 2000 939 2055 evectos
960 2000 990 2054 et
1011 1994 1069 2054 iam
1087 1993 1164 2052 inter

123 2137 128 2144 ,
198 2078 296 2138 media
317 2080 450 2157 equitum
474 2079 591 2157 agmina
612 2076 758 2156 proelium
786 2079 898 2139 cientes
919 2095 1027 2138 norum
1047 2093 1164 2155 pugnae
1266 2113 1267 2116 =

170 2163 363 2224 boonterruit
385 2180 494 2240 genus:
524 2161 636 2224 essedis
666 2163 818 2241 carrisque
840 2169 1011 2242 superstans
1035 2169 1163 2221 armatus

197 2245 292 2308 hostis
308 2247 424 2324 ingenti
438 2247 538 2307 sonitu
559 2264 703 2326 equorum
725 2254 917 2326 rotarumque
943 2245 1061 2306 advenit
1075 2252 1104 2304 et
1119 2245 1165 2304 in·
1266 2281 1267 2322 q

154 2337 190 2391 10
200 2329 302 2390 solitos
324 2332 387 2390 eius
406 2330 550 2392 tumultus
570 2331 772 2397 Romanorum
800 2331 963 2391 conterruit
985 2346 1085 2408 equos.
1125 2331 1165 2390 ita
1266 2331 1267 2334 ’

198 2415 340 2475 rictorem
356 2417 518 2494 equitatum
529 2413 609 2476 velut
622 2414 818 2494 lymphaticus
829 2432 920 2494 pavor
934 2414 1072 2492 dissipat;
1089 2420 1165 2474 ster-

154 2500 243 2561 unit
258 2498 329 2559 iude
347 2507 469 2560 ruentes
490 2518 582 2580 equos
604 2500 740 2578 virosque
759 2497 913 2579 inprovida
935 2498 1014 2576 iuga.
1047 2495 1166 2558 turbata

197 2583 269 2644 hinc
285 2584 373 2644 etiam
389 2585 473 2662 signa
493 2583 644 2662 legionum
663 2581 806 2662 multique
828 2585 941 2662 impetu
964 2599 1108 2662 equorum
1130 2599 1165 2644 ac

195 2665 399 2728 vehiculorum
415 2674 569 2747 raptorum
589 2685 644 2746 per
664 2685 771 2746 agmen
794 2665 896 2727 obtriti
912 2667 1107 2744 antesignani.
1136 2673 1166 2726 ei

196 2751 346 2820 insecuta,
363 2750 451 2810 simul
468 2753 587 2812 territos
602 2751 703 2812 hostes
714 2751 801 2820 vidit,
826 2750 937 2812 Gallica
956 2753 1034 2812 acies
1049 2749 1164 2812 nullum

153 2833 323 2912 itspatium
339 2834 507 2911 respirandi
520 2835 743 2915 recipiendique
759 2853 791 2894 se
810 2833 900 2896 dedit.
935 2835 1092 2895 vociferari
1107 2835 1164 2896 lle·

198 2918 275 2986 cius,
296 2933 355 2996 quo
377 2916 530 2995 lugerent,'
552 2936 676 2998 quamve
691 2919 722 2978 in
742 2918 810 2997 iuga
825 2937 908 2998 spem
926 2919 1086 2988 haherenu
1111 2917 1164 2978 ob·
1266 2953 1267 2990 ς

197 3002 303 3062 sistere
319 2999 493 3062 cedentibus
511 3020 545 3065 ac
565 3020 707 3064 reuocare
723 3002 819 3074 lusos:
846 3003 968 3074 deinde,
989 3011 1023 3065 ut
1039 3001 1120 3064 nulla
1136 3004 1164 3062 vi

196 3085 351 3167 perculsos
377 3088 524 3148 sustinere
549 3094 681 3168 poterat,
707 3095 823 3168 patrem
844 3087 877 3149 P.
899 3089 1021 3150 Decium
1043 3088 1164 3148 nomine
1266 3119 1267 3122 κ

153 3177 187 3230 13
197 3170 384 3250 conpellans:
401 3171 498 3250 „quid
512 3171 590 3233 ultra
606 3181 734 3234 moror“
756 3174 852 3253 iuquit
867 3172 1038 3243 „familiare
1052 3171 1165 3232 iatuml

198 3254 298 3316 datum
314 3255 371 3316 hoc
386 3264 488 3317 nostro
504 3258 607 3336 generi
619 3264 677 3329 est,
699 3265 734 3319 ui
751 3257 867 3318 luendis
882 3256 1022 3336 periculis
1035 3254 1164 3335 publicis

197 3337 311 3416 piacula
328 3341 435 3400 simus:
453 3341 511 3401 iam
530 3359 585 3420 ego
601 3360 718 3402 mecum
732 3341 861 3402 hostium
875 3341 1008 3418 legiones
1028 3347 1164 3399 mactan-

149 3427 189 3478 14
199 3419 251 3479 das
262 3420 373 3482 Telluri
385 3441 420 3484 ac
433 3423 488 3485 diis
500 3425 636 3486 manibus
648 3425 756 3486 dabo.“
781 3425 856 3486 haec
869 3423 985 3486 locutus
995 3425 1033 3486 u.
1048 3424 1166 3485 livium
1266 3439 1267 3446 ¹
