2538 3946
228 211 289 274 212
417 223 509 266 ιιιιι
524 223 588 266 xxr.
605 221 673 264 car.
689 199 829 282 9.10.[a.
845 223 876 262 u.
892 223 917 262 ι.
934 198 997 288 ιιι]

229 373 286 434 ιιι
300 370 414 432 obviam
432 370 469 432 ad
488 387 571 431 mare
585 369 665 430 missi
687 369 723 429 ab
735 366 899 433 Hannibale
915 369 967 448 qui
985 367 1145 429 dicerent
1161 387 1212 430 nec

229 462 291 516 tuto
303 473 354 515 ιιι
365 454 495 515 adituros
511 455 589 513 inter
605 460 648 514 tot
660 459 721 512 tam
732 451 940 512 effrenatarum
951 453 1100 530 gentium
1106 470 1204 513 arma

228 556 284 598 nec
298 535 456 599 Hannibali
470 537 501 596 ιι
518 543 599 597 tanto
610 537 780 598 discrimino
796 553 897 596 rerum
909 552 1021 614 operae
1032 553 1113 595 esse
1130 535 1209 614 lega·

202 623 324 684 stiones
339 621 450 681 audire.
480 619 641 699 apparebat
654 636 715 679 non
735 618 878 680 admissos
893 617 1120 696 Carthaginem
1140 637 1207 699 pro·

228 707 307 766 tinus
321 706 424 765 ituros.
456 701 569 764 litteras
586 704 677 779 igitur
698 704 875 780 nuntiosque
897 701 933 762 ad
955 703 1126 782 principes
1153 704 1206 763 iae·

227 789 316 848 tionis
326 787 469 848 Barcinae
480 787 649 864 praemittit,
661 793 694 846 ut
706 793 919 864 praepararent
929 801 1056 846 suorum
1072 788 1205 858 animos,

228 889 266 932 ne
290 871 359 951 quid
382 888 452 950 pars
477 869 568 930 altera
602 869 759 946 gratificari
783 866 893 948 populo
917 869 1054 930 Romano
1090 881 1204 949 posset.

200 953 262 1016 rx.
293 954 408 1034 ltaque,
431 958 638 1050 praeterquam
653 951 731 1031 quod
746 951 866 1013 admissi
881 951 1032 1032 auditique
1052 961 1155 1023 sunt,
1179 973 1204 1014 ea

201 1047 345 1116 equoque
359 1054 432 1097 vana
446 1043 533 1115 atque
547 1035 636 1096 inrita
651 1034 759 1113 legatio
772 1033 836 1096 init
868 1035 974 1096 Hanno
988 1053 1073 1096 uuus
1098 1037 1196 1098 adver

229 1139 278 1181 sus
309 1126 444 1180 senatum
475 1135 592 1179 causam
621 1119 749 1180 foederis
784 1135 891 1196 magno
919 1117 1039 1179 silentio
1072 1129 1196 1200 propte

200 1205 429 1265 tauctoritatem
441 1219 539 1272 suam
558 1219 618 1262 ιιι
629 1220 697 1263 cum
711 1201 839 1263 adsensu
849 1200 1031 1263 audientium
1044 1205 1133 1282 egit,
1155 1223 1196 1284 pe·

230 1286 300 1346 deos
320 1285 474 1346 foedemm
496 1285 623 1346 arbitros
646 1304 681 1347 ac
699 1287 783 1346 testis
804 1291 938 1345 senatum
959 1283 1146 1357 obtestans,
1173 1307 1195 1348 n

228 1371 394 1432 Romanum
414 1386 482 1430 cum
499 1369 661 1447 Saguntino
683 1368 861 1430 suscitarent
879 1366 1007 1428 bellum.
1031 1372 1192 1440 monuisse

229 1452 410 1533 praedixisse
430 1469 476 1521 se,
503 1469 542 1512 ne
562 1451 736 1514 Hamilcaris
760 1452 933 1530 progeniem
966 1450 1003 1511 ad
1028 1455 1192 1515 exercitur

228 1539 395 1597 mitterent:
434 1551 495 1596 non
518 1553 635 1606 manes,
664 1553 725 1596 non
750 1535 873 1613 stirpem
894 1535 957 1596 eius
978 1537 1191 1614 conquiesces

229 1617 846 1697 viri,necumqua1u,donecsauguinis
865 1619 1053 1698 nominisque
1076 1619 1191 1681 Barcin

200 1703 382 1786 aquisquau
397 1701 543 1778 supersit,
561 1702 695 1799 quietura
709 1701 841 1762 Romana
862 1700 992 1762 foedera.
1030 1703 1192 1771 „iuvenes

230 1775 404 1861 flagrantem
422 1781 560 1860 cupidine
574 1784 659 1861 regni
670 1784 804 1862 namque
815 1801 905 1845 unam
914 1784 952 1845 ad
965 1784 996 1845 id
1008 1795 1193 1856 cernentem,

230 1869 255 1927 si
271 1885 307 1928 ιι
320 1865 406 1926 bellis
425 1864 503 1926 bella
525 1867 651 1927 serendo
667 1869 833 1928 succinctus
855 1867 945 1929 armis
965 1865 1193 1970 legionibusque

229 1951 319 2022 vivat,
335 1948 414 2010 velut
429 1951 604 2010 materiam
596 1951 659 2028 rgni
679 1949 871 2029 praebentes,
895 1950 931 2011 ad
948 1953 1102 2013 exercitus
1115 1956 1192 2015 misi·

202 2035 294 2095 tastis
323 2031 434 2094 aluistis
451 2051 522 2110 ergo
537 2033 595 2094 hoo
610 2033 794 2103 incendium,
811 2051 870 2114 quo
887 2050 966 2094 nune
982 2032 1106 2095 ardetis.
1148 2039 1192 2098 Sa·

231 2124 353 2194 guntum
368 2118 458 2177 vestri
472 2116 689 2178 circumsedent
699 2118 859 2187 exercitus,
878 2116 957 2177 unde
975 2125 1120 2179 arcentur
1136 2121 1193 2180 soe·

231 2202 316 2261 dere·
329 2217 398 2260 mox
408 2198 614 2277 Carthaginem
629 2198 889 2261 circumsedebunt
898 2200 1049 2261 Romanae
1060 2200 1192 2281 legiones

231 2283 354 2345 ducibus
374 2282 468 2343 isdem
489 2282 558 2355 diis,
578 2301 632 2363 per
647 2300 721 2363 quos
739 2285 840 2362 priore
860 2282 938 2343 bello
959 2291 1047 2362 rupta
1071 2284 1191 2348 foedera

203 2375 300 2428 dsunt
310 2367 372 2428 ulti.
404 2372 505 2428 utrum
520 2366 635 2428 bostem
648 2385 685 2429 an
696 2384 746 2426 vos
758 2385 796 2426 an
810 2367 958 2427 fortunam
969 2368 1126 2446 utriusque
1141 2390 1191 2450 pu·

230 2449 292 2530 puli
312 2449 474 2529 ignoraust
512 2449 624 2528 legatos
644 2449 680 2510 ab
704 2450 791 2510 sociis
814 2457 844 2510 et
860 2468 916 2529 pro
936 2451 1024 2510 sociis
1041 2453 1190 2514 venientes

230 2534 327 2596 bonus
343 2534 504 2612 imperator
517 2535 634 2593 vester
626 2550 657 2592 ιι
669 2539 765 2592 castra
775 2549 835 2593 ιιι
848 2533 978 2602 admisit,
997 2535 1044 2594 ius
1059 2539 1188 2612 gentium

231 2614 1041 2695 sustulit,b1tamen,undenebostiumqurdemlegatr
1053 2628 1189 2680 arcentru

230 2699 323 2779 pulsi,
336 2698 373 2760 ad
384 2718 439 2761 nos
451 2705 608 2769 venerunt;
621 2717 670 2761 res
683 2717 719 2761 ex
730 2697 851 2760 foedere
861 2706 1047 2779 repetuntur.
1072 2701 1187 2781 publica

233 2782 314 2842 fraus
326 2783 415 2842 absit!
448 2790 597 2843 auctorem
612 2781 715 2860 culpae
731 2789 857 2844 atreum
875 2783 1007 2843 oriminis
1018 2783 1184 2862 deposcunt.

203 2875 291 2943 'equo
306 2862 401 2924 lenius
423 2872 528 2941 agunt,
552 2868 671 2941 segnius
687 2867 845 2944 Incipiunt,
869 2883 919 2934 eo,
942 2883 1008 2926 cum
1029 2872 1222 2947 coeperint,

232 2963 337 3008 vereor
357 2965 396 3006 ne
419 2949 655 3027 perseverantius
679 2949 816 3008 saeviant.
852 2949 969 3026 Aegatis
988 2949 1097 3011 insulas
1114 2952 1183 3032 Ery·

233 3049 355 3111 eamque
374 3039 441 3092 aute
463 3029 562 3091 oculos
580 3032 751 3110 proponite,
777 3049 853 3111 quae
877 3040 957 3093 terra
976 3035 1106 3113 marique
1131 3055 1183 3115 per

205 3123 222 3174 ι
233 3122 370 3195 quattuor
383 3121 412 3174 et
422 3115 523 3192 riginti
535 3131 627 3174 annos
638 3114 716 3194 passi
730 3114 802 3176 sitis
832 3116 1033 3196 neopuerhic
1046 3116 1180 3186 duxerat,

232 3199 284 3259 sed
302 3199 409 3277 pater
401 3215 465 3276 lpse
481 3197 644 3268 Hamilcar,
665 3198 744 3259 Mars
761 3197 851 3269 alter,
874 3207 907 3260 ut
927 3201 976 3260 isti
991 3199 1097 3265 volunt
1131 3203 1179 3262 sed

232 3283 378 3351 Tarento,
393 3283 423 3341 id
439 3288 484 3342 est
497 3281 593 3351 Italia,
611 3299 671 3342 non
681 3279 920 3343 ¹abstinueramus
931 3301 967 3344 ex
983 3282 1111 3352 foedere,
1125 3286 1177 3346 ιιι-

201 3369 219 3420 9
233 3371 266 3422 ut
279 3380 359 3424 nunc
373 3363 502 3441 Sagunto
518 3381 578 3425 non
590 3362 779 3426 abstinemus.
808 3367 942 3426 vicerunt
956 3382 1026 3443 ergo
1039 3364 1076 3424 dii
1089 3366 1177 3427 borni·
1220 3403 1221 3424 2

235 3461 360 3522 nosque,
387 3446 475 3514 etid,
497 3447 534 3506 de
549 3463 606 3524 quo
623 3445 720 3506 verbis
735 3445 951 3525 ambigebatur,
976 3457 1043 3509 uter
1061 3448 1176 3528 populus
