2542 3956
319 265 413 306 suum
427 265 505 306 xxm.
521 263 589 307 car.
604 253 646 305 22.
668 241 707 324 [a.
726 241 835 325 (3.217]
998 251 1059 314 281

98 415 325 492 circumspectis
339 413 428 489 igitur
446 409 595 480 omnibus,
615 427 689 488 quae
705 409 821 470 fortuna
835 413 986 488 potestatis
999 413 1064 471 eius

100 503 218 577 poterat
228 498 342 564 iacere,
355 491 504 554 obsidibus
514 495 697 572 potissimum
710 493 858 554 tradendis
868 496 998 555 animum
1010 495 1060 554 ad·

97 583 185 651 iecit,
200 599 264 640 eam
280 597 369 640 unam
380 596 444 638 rem
458 579 584 638 maximo
600 583 681 637 ratus
693 575 912 638 conciliaturam
922 577 1061 638 Romanis

99 666 270 744 principum
286 662 442 740 Hispaniae
459 661 624 720 amicitiam.
656 657 708 720 sed
726 679 792 721 cum
808 661 921 722 iniussu
931 661 1093 722 Bostaristt

100 747 245 827 praefecti
260 748 329 806 satis
344 748 433 805 sciret
452 743 525 804 nihil
539 741 674 804 obsidum
688 743 822 806 custodes
844 745 973 805 facturos
989 762 1060 816 esse,

99 831 257 892 Bostarem
279 831 375 910 ipsum
395 836 457 889 arte
477 826 656 906 adgreditur.
691 835 785 888 castra
804 835 885 888 extra
906 829 1010 889 urbem
1030 829 1061 888 in
1074 833 1108 886 lo

99 917 168 994 ipso
188 913 274 974 litore
294 910 422 972 habebat
437 912 555 983 Bostar,
578 919 610 972 ut
630 911 739 971 aditum
763 929 795 970 ea
819 918 903 990 parte
925 911 1062 972 interclu·

101 998 189 1058 deret
203 994 352 1058 Romanis
385 995 426 1055 ibi
437 1015 503 1056 eum
518 997 550 1055 in
561 1002 707 1056 secretum
720 991 878 1054 abductum
889 993 968 1055 velut
978 997 1061 1073 igno·

99 1089 218 1142 rentem
239 1087 353 1151 monet,
376 1097 433 1159 quo
455 1085 532 1140 statu
552 1081 590 1138 sit
607 1097 670 1138 res:
693 1085 803 1138 metum
826 1079 1003 1139 continuisse
1026 1076 1104 1139 adll

102 1183 168 1225 eam
191 1165 269 1224 diem
284 1164 482 1242 Hispanorum
502 1161 632 1231 animos,
654 1163 722 1240 quia
742 1159 847 1242 procul
867 1161 991 1222 Romani
1011 1161 1061 1222 ab·

101 1255 216 1317 essent:
236 1263 316 1307 nunc
331 1249 374 1306 cis
388 1245 530 1306 Hiberum
548 1253 642 1306 castra
659 1244 789 1305 Romana
808 1261 885 1315 esse,
903 1263 1000 1305 arcem
1016 1253 1061 1304 tu·

101 1341 163 1393 tam
178 1331 404 1410 perfugiumque
423 1347 512 1388 novas
531 1327 696 1389 volentibus
712 1345 775 1388 res:
797 1330 895 1407 itaque
912 1347 985 1408 quos
1000 1347 1061 1388 me-

72 1446 74 1450 ·
102 1423 151 1475 tus
166 1431 226 1473 non
244 1418 359 1485 teneat,
374 1411 517 1472 beneficio
530 1420 559 1472 ct
572 1413 664 1490 gratia
676 1413 883 1472 devinciendos
899 1430 972 1472 esse.
1006 1414 1059 1472 mi·
1075 1419 1109 1470 12

101 1498 181 1559 ranti
199 1497 315 1556 Bostari
327 1496 603 1574 percunctantique,
616 1495 764 1576 qpodnam
778 1495 808 1554 id
822 1487 953 1555 subitum¹
964 1501 1061 1554 tantae

101 1583 149 1642 rei
164 1581 273 1640 donum
289 1587 388 1659 posset
403 1597 482 1649 esso,
498 1625 516 1650 „
525 1578 642 1639 obsides
651 1587 669 1612 ‘⁴
680 1579 776 1660 inquit
796 1581 853 1648 „in
869 1579 998 1638 civitates
1013 1597 1060 1638 re·
1073 1583 1108 1637 13

102 1666 202 1726 mitte:
225 1663 255 1723 id
271 1669 301 1723 et
319 1665 455 1742 privatim
470 1662 658 1742 parentibus,
683 1671 808 1742 quorum
825 1681 992 1723 maxumum
1009 1679 1062 1721 no·
1139 1721 1142 1726 .

101 1767 172 1810 men
189 1749 221 1808 in
237 1747 400 1808 civitatibus
415 1753 459 1806 est
472 1749 546 1817 suis,
564 1754 593 1806 et
607 1746 724 1825 publice
738 1747 854 1826 populis
869 1753 984 1824 gratum
997 1748 1062 1806 erit.

101 1831 162 1893 volt
178 1831 232 1892 sibi
245 1833 367 1911 quisque
379 1831 460 1890 credi
475 1837 504 1890 et
517 1829 616 1890 habita
632 1829 705 1890 fides
716 1832 809 1908 ipsam
825 1829 996 1908 pierumque
1010 1829 1062 1888 ob·
1074 1836 1108 1886 tr

103 1914 174 1994 ligat
190 1915 287 1974 iidem.
315 1915 510 1974 ministerium
532 1913 782 1974 restituendorum
798 1913 900 1972 domos
917 1911 1063 1972 obsidium
1107 1976 1112 1988 ,

102 1999 238 2060 mihimet
250 1998 376 2078 deposco
391 1999 469 2076 ipse,
488 2005 521 2057 ut
535 2013 625 2076 opera
640 2014 757 2075 quoque
774 1997 896 2072 inpensa
909 1993 1063 2054 consilium

101 2082 236 2144 adiuvem
259 2101 357 2141 meum
381 2088 410 2141 et
431 2083 476 2140 rei
496 2087 598 2158 suapte
618 2085 723 2138 natura
744 2085 843 2154 gratae
859 2085 997 2156 quantam
1018 2079 1063 2136 in·

100 2183 192 2242 super
207 2167 330 2242 gratiam
345 2165 456 2241 possim
466 2162 621 2222 adiciam.“
650 2159 762 2220 homini
776 2177 835 2220 non
848 2161 883 2220 ad
895 2168 992 2222 cetera
1004 2161 1060 2222 Pu·
1075 2167 1110 2220 lo

102 2251 169 2308 nica
192 2249 309 2325 ingenia
326 2245 431 2306 caliido
453 2251 485 2306 ut
505 2247 665 2325 persuasit,
687 2251 773 2304 nocte
794 2243 868 2304 clam
890 2261 1064 2321 progressus

102 2331 139 2392 ad
155 2331 283 2390 hostium
300 2324 440 2389 stationes
456 2329 607 2389 conventis
622 2327 797 2408 quibusdam
811 2325 1000 2387 auxiliaribus
1012 2327 1063 2387 Hi-

102 2415 202 2494 spanis
218 2420 247 2473 et
267 2410 302 2473 ab
326 2413 372 2473 bis
394 2413 430 2472 ad
446 2411 614 2492 Scipionem
635 2411 811 2491 perductus,
833 2411 902 2491 quid
925 2409 1062 2480 adferret,

102 2497 262 2575 expromit,
278 2503 308 2556 et
322 2495 378 2556 fide
395 2503 513 2576 accepta
529 2494 653 2575 dataque
671 2513 704 2556 ac
718 2494 782 2555 loco
799 2503 828 2555 et
842 2503 975 2572 tempore
991 2513 1059 2554 con·
1075 2502 1110 2556 lo

101 2582 203 2642 stituto
222 2573 257 2636 ad
271 2579 388 2640 obsides
408 2579 745 2723 tradendosgiaguntum
766 2579 853 2640 redit.
888 2579 965 2638 diem
985 2579 1063 2638 inse·

102 2671 242 2744 quentem
265 2663 427 2742 absumpsit
442 2683 508 2724 cum
523 2664 565 2725 Bo
582 2671 645 2724 tare
666 2663 810 2724 mandatis
827 2661 863 2722 ad
884 2680 947 2722 rcm
974 2679 1062 2739 agen·

103 2747 170 2809 dam
186 2744 373 2826 accipiendis.
406 2748 557 2818 dimissus,
582 2765 648 2808 cum
664 2765 696 2806 se
713 2755 799 2808 nocte
816 2748 939 2816 iturum,
964 2753 997 2806 ut
1011 2764 1061 2805 cu·
1075 2755 1107 2803 1⁷

7 2861 8 2864 ¹
101 2832 211 2893 stodias
225 2831 353 2892 bostium
372 2829 500 2902 iallerct,
517 2832 729 2901 constituisset,
746 2830 782 2890 ad
798 2831 979 2910 conpositam
996 2848 1063 2889 cum

101 2915 138 2974 iis
154 2915 259 2975 horam
274 2916 406 2976 excitatis
421 2913 590 2977 custodibus
604 2933 765 2996 puerorum
786 2915 952 2994 profectus,
975 2911 1063 2973 veluti

101 2997 222 3074 ignarus
235 3000 267 3058 in
282 3007 470 3078 praeparatas
482 3018 533 3060 sua
548 2999 651 3059 fraude
665 2997 784 3059 insidias
801 2998 889 3058 ducit.
918 2999 950 3056 in
968 3003 1063 3056 castra
1073 3002 1107 3053 18

102 3080 234 3140 Romana
255 3081 402 3159 perducti:
425 3089 523 3142 cetera
547 3084 644 3142 omnia
667 3081 703 3140 de
724 3081 882 3141 reddendis
901 3078 1061 3148 obsidibus,

104 3165 179 3225 sicut
197 3181 264 3222 cum
278 3163 400 3222 Bostare
416 3166 604 3224 constitutum
623 3171 699 3232 erat,
722 3171 786 3222 acta
801 3180 856 3240 per
871 3161 997 3221 eundem
1013 3179 1062 3221 or·

104 3247 218 3316 dinem,
236 3265 293 3325 quc
306 3247 331 3304 si
340 3246 621 3322 Carthaginiensium
639 3246 813 3350 nominepic
825 3254 970 3322 ageretur.
997 3261 1058 3304 ma·
1072 3251 1106 3302 lb

103 3331 149 3390 ior
159 3329 305 3410 aliquanto
313 3328 511 3389 Romanorum
525 3331 617 3406 gratia
629 3329 684 3389 suit
695 3329 765 3388 inre
778 3330 842 3408 pari
854 3347 940 3408 quam
953 3334 1060 3407 quanta

103 3415 201 3474 sutura
214 3413 496 3489 Carthaginiensium
510 3413 615 3473 iuerat.
639 3411 704 3472 illos
717 3413 794 3472 enim
806 3414 901 3490 gravis
917 3408 1060 3490 superbos

103 3499 134 3559 in
147 3497 238 3558 rebus
259 3497 396 3559 secundis
413 3505 549 3573 expertos
569 3496 685 3556 fortuna
702 3505 731 3556 et
750 3497 839 3556 timor
855 3496 1004 3575 mitigasse
1019 3496 1061 3554 ri-
