2538 3946
299 167 394 210 umen
410 167 474 208 xx1.
487 165 556 208 (ιιι.
572 150 615 208 50.
635 151 679 204 51.
696 152 739 204 52.
764 143 804 228 [a.
818 146 854 209 (i.
866 143 928 228 218]
1028 151 1095 215 247

116 315 203 378 sulis
220 315 364 395 sociisque
380 311 531 375 navalibus
545 314 636 390 gratis
651 312 870 393 praebituruma
886 313 998 392 grande
1011 313 1090 391 peri·

118 398 231 462 culum
246 397 384 477 Lilybaeo
404 397 627 476 maritumisque
647 396 810 458 civitatibus
826 414 905 467 esse,
923 396 1075 477 atquibus

115 483 200 544 dam
221 480 386 543 volentibus
406 497 496 542 noras
522 499 571 542 res
595 482 669 541 lore.
709 479 747 540 ob
776 480 849 542 haec
874 479 989 541 consuli
1016 479 1090 543 nihil
1100 486 1132 540 11

117 564 329 628 cunctandum
354 566 463 637 risum,
495 565 566 643 quin
591 563 761 642 Lilybaeum
790 563 882 625 classe
906 570 1032 642 peteret.
1061 571 1090 625 et

117 667 183 710 rex
198 650 338 728 regiaque
352 647 454 709 classis
468 665 526 708 una
540 647 674 727 proiecti.
707 649 875 724 navigantes
891 646 961 707 inde
976 665 1089 726 pugna·

117 741 194 794 tum
210 732 248 793 ad
262 730 583 810 Lilybaeumiusasque
596 739 627 792 et
643 737 743 810 captes
757 731 885 792 bostium
901 748 990 791 naves
1005 748 1089 790 acce·

118 834 212 896 pere.
252 815 299 876 LI.
329 817 353 876 Α
372 813 510 894 Lilybaeo
531 813 634 875 consul
655 815 785 875 Hierone
808 832 876 876 cum
897 813 989 875 classe
1009 815 1116 892 regiat

120 900 252 964 dimisso
263 897 425 978 relictoque
439 905 577 977 praetore
592 898 781 960 adtuendam
798 896 914 958 Siciliae
928 915 1011 958 oram
1025 899 1089 978 ipse

119 985 158 1044 in
174 981 302 1044 insulam
322 981 469 1051 Melitam,
494 999 569 1061 quae
584 1000 599 1041 a
617 979 905 1060 Carthaginiensibus
922 979 1086 1052 tenebatur,

119 1067 254 1128 traiecit.
282 1066 465 1126 advenienti
488 1063 637 1126 Hamilcar
660 1067 796 1144 Gisgonis
820 1063 896 1125 filius
922 1063 1118 1144 praefectust

118 1149 268 1230 praesidii
285 1167 352 1210 cum
366 1147 453 1228 paulo
470 1149 568 1209 minus
588 1147 703 1210 duobus
726 1147 844 1209 milibus
860 1147 985 1209 militum
1004 1150 1088 1228 oppi-

123 1233 259 1312 dumque
275 1251 342 1292 cum
358 1232 455 1294 insula
470 1230 605 1292 traditur.
642 1231 710 1292 inde
724 1239 791 1310 post
806 1250 916 1310 paucos
932 1231 994 1292 dies
1009 1232 1087 1292 redi·

120 1325 192 1377 tum
214 1314 400 1414 lilybaeum,
433 1316 597 1394 captivique
623 1323 652 1376 et
681 1333 698 1376 a
718 1314 839 1378 consule
860 1322 889 1376 et
911 1333 928 1376 a
950 1322 1087 1394 praetore

118 1400 274 1480 praeter'
266 1399 396 1476 msignes
426 1397 578 1460 nobilitate
602 1401 681 1460 viros
706 1399 759 1460 snb
794 1415 903 1460 corona
925 1399 1087 1464 venierunt.

122 1489 284 1564 postquam
304 1480 340 1542 ab
363 1499 396 1542 ea
417 1489 501 1561 parte
521 1484 591 1544 satis
604 1489 697 1565 tutam
713 1482 842 1544 Siciliam
864 1480 1002 1542 censebat
1017 1500 1087 1542 con·
1099 1486 1118 1540 3

122 1565 188 1635 sul,
202 1564 240 1625 ad
253 1564 364 1627 insulas
377 1564 512 1637 Vulcani,
534 1567 602 1666 quia
614 1566 691 1627 lama
709 1574 772 1628 erat
791 1574 869 1627 stare
889 1564 931 1625 ibi
946 1565 1087 1626 Punicam

122 1649 267 1719 classem,
283 1650 410 1718 traiecit;
428 1665 484 1710 neo
498 1651 652 1730 quisquam
672 1649 801 1712 hostium
816 1651 895 1708 circa
914 1667 963 1710 eas
977 1647 1087 1726 insulas

121 1735 272 1794 inventus.
306 1733 366 1794 iam
391 1733 467 1793 iorte
491 1734 716 1796 transmiserant
739 1732 775 1794 ad
798 1732 968 1794 vastandam
988 1730 1116 1801 Italiaet

123 1835 229 1887 oram,
247 1814 482 1896 depopulatoque
496 1816 666 1877 Viboniensi
683 1834 754 1894 agro
769 1815 874 1877 urbem
891 1817 978 1876 etiam
993 1822 1088 1875 terre·

125 1896 210 1964 baut.
244 1901 390 1979 repetenti
416 1899 545 1960 Siciliam
577 1897 691 1960 consuli
718 1899 870 1959 exscensio
903 1898 1032 1958 hostium
1056 1901 1116 1958 ino

124 2000 231 2062 agrum
246 1981 454 2044 Viboniensem
469 1981 546 2044 iacta
560 1984 726 2050 nuntiatur,
742 1981 776 2042 lit
764 1987 916 2059 tteraeque
932 1979 967 2040 ab
983 1989 1087 2041 senatu

124 2067 164 2128 de
179 2067 325 2128 transitu
316 2084 349 2126 m
360 2065 472 2127 ltaliam
486 2064 672 2134 Hannibalis,
691 2071 721 2124 et
731 2070 764 2123 ut
775 2065 871 2142 primo
884 2080 1000 2142 quoque
1012 2071 1086 2124 tern-

129 2167 201 2212 lore
222 2147 362 2225 conlegae
379 2148 473 2207 ferret
493 2145 647 2217 auxilium,
665 2148 771 2207 missae
792 2145 958 2207 traduntur.
987 2145 1116 2210 multisti

120 2215 216 2293 simul
231 2231 334 2291 anxiam
348 2230 428 2290 curis
442 2231 604 2290 exercitum
616 2228 784 2308 extemplo
776 2247 808 2290 m
823 2247 911 2290 nares
925 2231 1087 2309 inpositum

18 2352 21 2366 ·
125 2315 292 2378 Ariminum
308 2314 385 2374 mari
398 2329 506 2391 supero
520 2313 614 2382 misit,
629 2313 718 2374 Sexto
731 2313 894 2392 Pomponio
909 2311 1004 2391 legato
1018 2331 1086 2375 cum

125 2397 376 2476 vigintiquinque
397 2395 493 2473 longis
513 2394 634 2456 naribus
652 2394 860 2458 Viboniensem
876 2413 981 2475 agrum
996 2398 1086 2457 mari·

125 2483 289 2579 timamque
315 2498 398 2542 oram
426 2478 526 2552 ltaliae
552 2479 691 2540 tuendam
717 2479 871 2550 adtribuit,
900 2480 938 2541 ll.
962 2479 1086 2542 Aemilio

125 2565 258 2645 praetori
272 2564 482 2644 quinquaginta
496 2563 613 2624 narium
629 2562 752 2625 classem
771 2563 905 2643 explevit
934 2565 999 2642 ipse
1016 2570 1115 2624 con-7

126 2649 230 2729 positis
247 2646 364 2710 Siciliae
384 2646 474 2707 rebus
496 2646 599 2707 decem
620 2646 742 2708 naribus
763 2665 845 2710 oram
859 2644 959 2708 ltaliae
984 2646 1087 2726 legens
1200 2702 1202 2707 .

125 2733 291 2794 Ariminum
307 2731 450 2810 pervenit.
482 2729 552 2790 inde
571 2747 637 2791 cum
660 2732 791 2793 exercitu
812 2749 865 2792 suo
881 2731 1033 2812 proiectus
1049 2729 1087 2792 ad

122 2815 265 2877 'trebiam
279 2815 391 2876 flumen
408 2811 549 2892 conlegae
565 2815 763 2892 coniungitur.

189 2898 248 2959 Lll
278 2899 339 2959 lam
359 2897 451 2959 ambo
464 2896 598 2959 consules
619 2905 648 2958 et
662 2898 803 2978 quidquid
823 2898 1022 2960 Romanarum
1042 2917 1082 2958 n·
1097 2903 1111 2954 1

127 2981 205 3040 mum
220 2988 283 3041 erat
292 2981 448 3042 Hannibali
460 2983 627 3061 oppositum
639 2990 688 3043 aut
699 2982 756 3042 illis
768 2983 859 3062 copiis
870 2982 988 3044 dolendi
998 2997 1085 3060 posse

127 3063 292 3124 Romanum
308 3064 464 3142 imperinm
483 3071 533 3124 ant
547 3082 630 3142 spem
644 3063 755 3126 nnllam
770 3065 856 3126 aliam
871 3083 936 3124 esse
950 3065 1021 3124 satis
1035 3063 1085 3124 de·

128 3145 268 3207 clarabat.
302 3152 400 3206 tamen
417 3144 519 3206 consui
541 3145 615 3205 alter
630 3148 759 3226 equestri
775 3146 888 3225 proelio
904 3164 964 3206 nnc
980 3153 1009 3207 et
1023 3144 1115 3206 vul-t

128 3247 201 3291 uere
216 3232 301 3290 suo*
319 3236 348 3289 et
361 3229 490 3289 minutus
510 3228 588 3288 trabi
607 3245 671 3288 rem
692 3227 835 3301 malebat,
851 3231 979 3290 recentis
995 3230 1086 3290 animi

128 3312 203 3374 alter
219 3330 313 3393 eoque
336 3312 463 3372 ferocior
483 3309 591 3371 nullam
615 3310 784 3372 dilationem
802 3311 976 3392 patiebatur.
1007 3311 1116 3392 quoda

128 3399 206 3460 inter
222 3396 362 3458 Trebiam
375 3394 545 3476 Padumque
560 3397 624 3474 agri
637 3403 682 3456 est
695 3394 770 3456 Galli
785 3405 849 3458 tum
859 3395 1035 3468 incolebant,
1053 3397 1086 3456 in
