2546 3936
193 186 255 251 138
330 201 426 242 mss
438 201 483 242 ιι.
499 197 570 242 ose.
582 187 627 240 40.
643 177 684 258 [s.
698 203 731 242 u.
746 202 773 243 e.
788 183 921 262 ⁴⁴⁴(445)
930 179 1012 262 -4461

166 351 287 410 timmn
307 349 459 410 cuneatior
478 347 649 409 mobilitatis
664 367 769 418 causa:
787 350 910 427 spongia
930 349 1045 428 pectori
1066 355 1146 425 tegu·

191 441 338 503 mentum,
354 441 384 493 ct
397 435 547 494 sinistrum
564 451 634 492 crus
644 451 732 493 ocrea
743 441 870 502 tectum
886 431 987 510 galeae
1004 434 1147 502 cristatae

192 535 267 598 quae
293 519 421 596 speciem
445 516 641 595 magnitudini
665 535 824 595 corporum
850 516 1008 584 adderent;
1034 518 1151 578 tunicas

192 603 303 662 auratis
320 601 461 662 militibus
478 598 686 670 versicolores,
700 602 860 678 argentatis
875 599 984 660 linteae
998 599 1152 662 candidae.

160 694 179 743 4
192 685 239 746 his
248 685 383 746 dextrum
395 704 489 746 cornu
500 685 618 753 datum;
633 683 676 743 illi
689 685 721 742 in
732 685 851 744 sinistro
861 685 1034 744 consistunt.
1063 691 1155 744 notus

191 772 250 830 lam
264 771 406 831 Romanis
421 777 577 849 apparatus
590 769 751 845 insignium
765 786 917 828 armorum
932 768 1042 838 luerat,
1058 767 1153 828 docti·

189 871 249 934 que
266 871 283 914 a
298 853 422 914 ducibus
437 860 524 914 erant
542 851 697 913 harnidum
717 850 842 912 militem
860 869 925 914 esse
944 850 1068 921 debere,
1090 868 1154 913 non

190 937 335 999 caelatum
350 954 423 996 auro
443 943 474 996 et
493 944 633 1014 argento,
659 934 712 996 sed
736 935 816 996 terro
839 943 870 996 et
894 937 999 996 animis
1026 936 1152 996 lretum:

159 1023 299 1099 equippe
318 1019 369 1078 illa
378 1019 520 1097 praedam
535 1021 633 1080 verius
644 1037 732 1098 quam
749 1037 831 1081 arma
845 1038 923 1090 esse,
946 1021 1070 1080 nitentia
1084 1028 1155 1080 ante

160 1111 268 1172 orem,
284 1102 427 1164 deformia
441 1105 521 1165 inter
534 1105 708 1180 sanguinem
723 1111 754 1164 et
768 1103 910 1173 vulnera;
933 1105 1071 1164 virtutem
1087 1121 1155 1164 esse

190 1185 292 1247 militis
306 1184 410 1258 decus,
430 1193 461 1248 et
475 1189 574 1248 omnia
587 1185 636 1246 illa
649 1188 801 1248 victoriam
816 1188 917 1267 sequi,
941 1195 973 1246 et
985 1186 1077 1248 ditem
1098 1187 1153 1247 ho·

160 1276 266 1330 'tstem
282 1271 415 1348 quamvis
433 1271 573 1351 pauperis
591 1272 710 1331 victoris
732 1273 896 1351 praemium
914 1288 989 1331 esse.
1017 1271 1065 1331 his
1078 1271 1153 1331 Cur·

190 1371 241 1414 sor
259 1353 380 1414 vocibus
399 1357 555 1416 instinctos
573 1355 681 1416 milites
700 1356 732 1416 iu
752 1354 899 1434 proelium
923 1354 1013 1415 ducit
1047 1354 1154 1415 dextro

189 1439 253 1516 ipsc
266 1455 361 1500 cornu
373 1441 521 1510 consistit,
534 1441 655 1500 sinistro
669 1438 813 1518 praefecit
823 1441 996 1516 magistrum
1007 1439 1152 1516 equitum.

159 1521 277 1582 esimrd
297 1530 344 1583 cst
364 1541 555 1593 concursum,
586 1524 692 1600 ingens
719 1522 776 1582 ituit
795 1541 863 1582 cum
882 1523 968 1582 hoste
989 1530 1152 1593 certamen,

189 1622 251 1665 non
267 1608 386 1681 segnius
406 1608 485 1666 inter
505 1605 679 1666 dictatorem
700 1612 731 1666 et
749 1607 922 1682 magistrum
944 1606 1090 1684 equitum,
1114 1604 1152 1666 ab

158 1693 256 1748 autre
270 1696 354 1766 parte
370 1689 489 1749 victoria
506 1689 659 1766 inciperet.
691 1690 776 1767 prior
791 1688 868 1749 sorte
882 1689 982 1750 lunius
993 1691 1153 1749 commorit

189 1769 320 1840 bostem,
340 1769 422 1832 laevo
438 1771 576 1833 dextrum
596 1788 704 1842 cornu,
726 1779 857 1832 sacratos
876 1790 960 1832 more
975 1772 1151 1832 Samnitium

189 1851 298 1914 milites
316 1871 410 1933 eoque
431 1855 555 1916 candida
568 1862 649 1915 veste
667 1863 697 1916 et
710 1854 832 1934 paribus
846 1855 975 1916 caudore
994 1857 1086 1916 armis
1104 1858 1151 1916 iu·
1259 1885 1260 1888 ¹

188 1937 297 2014 signes.
337 1955 388 1998 eos
412 1956 444 1999 se
466 1937 544 1998 Orco
564 1946 693 1998 mactare
714 1939 815 1999 lunius
835 1938 960 2000 dicitans
981 1957 1049 1999 cum
1072 1941 1142 2000 intn

190 2017 273 2081 lisset
287 2021 386 2099 signa,
407 2020 536 2083 turbavit
551 2021 672 2084 ordines
686 2030 718 2082 et
729 2022 809 2082 baud
823 2021 910 2082 dubie
924 2021 1032 2101 inpulit
1046 2024 1146 2084 aciem

148 2108 180 2161 10
192 2103 273 2182 quod
302 2103 354 2164 ubi
368 2107 460 2167 sensit
475 2105 614 2167 dictator:
644 2105 707 2177 „ab
724 2106 845 2167 laevone
860 2124 953 2167 cornu
968 2107 1089 2166 victoria
1103 2109 1148 2168 in·

189 2187 304 2264 cipiet“
314 2188 410 2267 iuquit
421 2196 477 2260 „et
487 2189 623 2251 dextrum
635 2208 743 2261 cornu,
757 2188 908 2250 dictatoris
918 2191 1010 2260 acies,
1023 2189 1149 2252 alienam

188 2287 318 2349 pugnam
329 2280 478 2352 sequetur,
490 2291 551 2334 uon
561 2281 677 2352 partem
687 2275 845 2335 maximam
856 2275 994 2334 victoriae
1009 2275 1150 2334 trabetl‘·

148 2359 178 2411 11
191 2356 318 2415 eoncitat
331 2355 454 2426 mlius:
469 2374 525 2418 nec
538 2357 670 2436 peditum
684 2359 784 2418 virtuti
795 2359 908 2441 equites
921 2357 973 2418 aut'
985 2357 1147 2434 legatorum

146 2440 180 2493 12
190 2437 286 2499 studia
305 2438 428 2500 ducibus
450 2439 566 2501 cedunt
596 2441 634 2502 M.
657 2440 790 2502 Valerius
812 2459 828 2501 a
850 2440 968 2516 dextro,
991 2441 1025 2502 P.
1043 2441 1150 2502 Decius

189 2519 322 2582 abluero
338 2540 446 2593 cornu,
467 2523 554 2584 ambo
573 2524 757 2595 consulares,
778 2523 816 2586 ad
829 2527 944 2602 equites
960 2526 993 2585 in
1009 2526 1151 2586 carnibus

188 2607 300 2685 positos
314 2607 493 2676 evehuntur,
510 2606 715 2688 adhortatique
731 2625 796 2677 eos,
807 2615 841 2669 ut
854 2617 970 2688 partem
983 2627 1084 2670 secum
1100 2627 1149 2668 ca·

189 2693 345 2766 pesserent
360 2689 490 2762 decoris,
504 2693 536 2752 iu
549 2700 717 2752 transversa
729 2691 823 2752 latera
836 2692 965 2754 hostium
980 2693 1148 2752 incurrunt

148 2771 215 2830 lais
231 2789 324 2832 novus
338 2771 453 2836 additus
471 2782 570 2836 terror
589 2792 656 2836 cum
676 2794 714 2836 ex
726 2782 818 2856 parte
843 2784 967 2855 utraque
986 2777 1149 2836 circumva-

189 2854 277 2915 sisset
296 2855 404 2928 aciem,
426 2858 511 2919 etad
533 2867 678 2920 terrorem
698 2859 827 2920 hostium
851 2859 982 2938 legiones
998 2860 1150 2920 Romanae

190 2937 390 3016 redintegrato
415 2939 545 3003 clamore
572 2941 740 3004 intulissent
764 2943 902 3020 gradum,
929 2951 994 3004 tum
1018 2943 1086 3020 luga
1111 2941 1149 3004 ab
1259 2999 1260 3024 ζ

147 3027 180 3080 14
192 3019 371 3084 Samnitibus
386 3035 498 3105 coepta.
529 3027 588 3086 iam
599 3033 698 3104 strage
709 3025 863 3088 hominum
876 3045 1087 3106 armorumque
1103 3027 1150 3086 in-
1259 3025 1260 3064 l

188 3105 316 3184 signium
331 3109 427 3187 campi
440 3108 559 3188 repleri.
590 3127 625 3170 ac
641 3110 739 3188 primo
754 3110 874 3188 pavidos
890 3111 1036 3172 Samnites
1052 3117 1150 3170 castra

188 3205 241 3250 sue
267 3207 425 3270 accepere,
451 3192 559 3254 deinde
578 3211 617 3254 ne
638 3211 672 3254 ea
694 3193 812 3273 quidem
834 3202 965 3256 retenta:
989 3195 1082 3273 captis
1105 3194 1136 3254 di

147 3276 180 3328 ld
190 3273 341 3353 reptlsque
354 3282 423 3336 ante
440 3284 558 3354 noctem
579 3277 705 3338 iniectus
726 3279 812 3355 ignis.
838 3278 964 3340 dictator
980 3297 1016 3338 ex
1030 3287 1149 3338 senatus

189 3356 322 3418 considto
347 3359 547 3438 triumphavit.
591 3362 674 3422 cuius
701 3362 852 3441 triumpho
877 3362 965 3440 longe
990 3363 1149 3424 maximam

147 3440 320 3516 inspeciem
340 3445 453 3521 captiva
473 3461 554 3506 arma
575 3444 753 3520 praebuere:
779 3453 894 3508 tantum
915 3445 1150 3524 magnificentias
