2546 3936
283 205 377 246 unua
390 203 459 248 mn.
478 157 547 248 our}
563 185 664 244 20.‘a1.
679 193 722 246 aa.
740 183 779 266 [a.
797 186 832 248 0.
846 183 986 269 sao-aee]
1073 195 1112 256 71

154 365 248 416 ratus:
270 354 438 432 „quoniam
460 359 596 411 auctores
622 351 828 411 delectionise
846 355 941 433 inquit
964 355 1153 427 „meritastt

153 455 264 520 poenas
279 447 309 496 et
330 436 367 497 ab
384 436 440 495 diis
460 434 665 495 inmortalibus
688 443 747 496 eta
766 435 848 496 vobis
868 437 990 504 habent,
1013 446 1113 516 patres

97 553 102 558 ·
153 521 328 600 conscripti,
344 519 413 598 quid
431 517 527 598 placet
541 518 578 578 de
593 519 712 578 innoxia
726 518 913 581 multitudine
930 523 1013 582 lieri?
1032 524 1155 601 equi-12

153 607 235 674 dem,
251 607 304 668 etsi
320 622 404 665 meae
415 610 514 682 partes
530 603 729 681 exquirendae
741 605 835 680 magis
846 607 1009 666 sententiae
1024 623 1112 685 quam

153 690 267 752 dandae
282 697 359 757 sunt,
376 697 483 755 tamen,
503 703 569 746 cum
582 686 694 746 videam
709 685 894 748 Privernates
908 690 1018 748 vicinos
1030 690 1112 749 Sam-

154 773 265 835 nitibus
280 791 360 841 ease,
376 770 455 830 unde
470 786 549 830 nuno
564 769 649 830 nobis
665 771 860 833 incertissima
878 791 934 850 pax
951 781 1008 843 est,
1025 790 1112 852 quam

154 857 308 918 minimum
338 857 450 914 irarum
481 855 560 913 inter
591 871 646 914 nos
679 853 803 935 illosque
835 855 962 935 relinqui
993 848 1113 916 'velim‘⁴

154 940 229 1002 xxi.
259 940 332 1001 Cum
347 941 410 1018 ipsa
423 955 479 1014 per
492 954 557 999 sese
571 955 743 1016 resanoeps
759 946 851 1008 esset,
869 949 957 1018 prout
973 942 1113 1019 cuiusque
1126 948 1140 999 l

152 1025 305 1102 ingenium
321 1033 385 1082 erat
405 1022 532 1082 atrocius
551 1022 687 1081 mitiusve
705 1023 908 1092 suadentibus,
932 1025 1004 1084 tum'
1015 1025 1111 1084 incer·

153 1110 228 1168 tiora
241 1107 338 1168 omnia
350 1123 426 1166 unus
439 1123 475 1164 ex
489 1103 708 1166 Privernatibus
722 1104 825 1184 legatis
837 1106 919 1176 lecit,
937 1109 1030 1186 magis
1042 1125 1112 1168 con·

64 1233 68 1238 -
154 1192 292 1260 dicionis,
308 1192 340 1250 in
356 1208 412 1269 qua
428 1197 513 1249 natus
528 1197 620 1257 esset,
644 1207 730 1267 quarn
751 1192 916 1268 praesentis
932 1193 1113 1252 necessitatis

153 1269 283 1344 memor,
312 1275 363 1352 qui
388 1275 587 1350 interrogatus
608 1272 771 1351 aquodam
792 1274 929 1333 tristioris
951 1272 1142 1336 sententiaet

154 1365 283 1427 auctore,
296 1375 383 1436 quam
395 1374 519 1435 poenam
532 1357 655 1416 meritos
661 1355 847 1417 Privernates
858 1367 995 1418 censeret
1006 1367 1113 1428 „eanr“

154 1444 263 1521 inquit,
281 1458 392 1520 „quam
405 1447 571 1508 merentur,
589 1441 641 1518 qui
654 1457 686 1501 se
697 1439 830 1500 libertate
843 1439 947 1518 dignos
959 1450 1111 1502 censent.“

155 1527 239 1586 cuius
254 1543 320 1584 cum
343 1525 435 1584 leroci
455 1541 599 1602 responso
620 1523 786 1584 infestiores
807 1523 900 1584 lacios
914 1526 1027 1585 videret
1042 1532 1141 1586 con-³

155 1609 198 1670 sul
217 1627 282 1678 eos,
308 1611 445 1687 quiante
467 1607 680 1667 Privernatium
703 1625 821 1669 causam
841 1609 1058 1687 inpugnabant,
1081 1618 1113 1669 ut

152 1695 216 1773 ipse
236 1692 364 1770 benigna
389 1692 621 1769 interrogatione
647 1692 747 1751 mitius
774 1709 950 1770 responsum
978 1693 1112 1754 eliceretr

154 1825 171 1848 „
179 1777 259 1856 quid,
274 1778 299 1836 si
317 1793 442 1855 poenam
451 1783 469 1808 “
484 1776 580 1854 inquit
595 1775 797 1844 „remittimus
812 1775 911 1846 vohiS,
927 1777 1044 1855 qualem
1059 1787 1146 1837 nost

153 1879 257 1941 pacem
273 1859 422 1919 vobiscum
437 1859 589 1919 babituros
601 1859 773 1937 speremus?
783 1869 801 1892 “
816 1860 862 1928 „si
875 1859 983 1920 bonam
996 1860 1113 1921 dederi·

154 1946 217 2006 tis“
234 1945 341 2023 inquit,
360 1989 379 2013 „
389 1951 419 2002 et
432 1942 519 2002 lidam
535 1953 565 2002 et
576 1949 763 2021 perpetuam
777 1944 802 2002 si
815 1941 937 2012 malam,
953 1943 1032 2004 haud
1049 1945 1113 2004 diu·

87 2026 92 2038 “
155 2037 304 2090 turoam.“
333 2037 395 2088 tum
411 2043 480 2086 vero
494 2027 617 2094 minari,
634 2044 690 2085 nec
703 2026 733 2084 id
743 2025 895 2104 ambigue,
911 2027 1114 2089 Privernatem
1128 2035 1145 2086 t

153 2112 287 2194 quidam,
316 2121 346 2171 et
364 2109 422 2170 illis
442 2109 562 2170 vocibus
582 2109 618 2169 ad
634 2109 837 2170 rebellandum
859 2111 978 2185 incitari
996 2117 1115 2190 pacatos

153 2195 294 2277 populos;
311 2213 379 2275 pars
394 2195 493 2254 mitior
509 2202 628 2253 senatus
641 2192 680 2253 'ad
697 2191 821 2253 meliora
837 2211 978 2272 responsa
995 2195 1146 2254 traheret

155 2289 185 2340 et
207 2281 306 2340 dicere
328 2280 382 2339 viri
410 2288 440 2339 et
460 2277 546 2337 liberi
569 2295 670 2336 vocem
693 2275 836 2336 auditam:
866 2295 903 2337 an
926 2277 1007 2338 credi
1027 2295 1113 2357 posse

155 2361 247 2424 ullum
271 2363 412 2442 populum
433 2370 483 2422 aut
503 2361 654 2420 hominem
677 2358 803 2438 denique
825 2361 857 2419 in
872 2378 907 2421 ea
928 2361 1112 2432 condicione,

156 2447 239 2507 cuius
259 2465 325 2506 eum
346 2447 508 2526 paeniteat,
530 2445 654 2512 diutius,
678 2462 765 2524 quam
782 2461 902 2505 necesse
918 2445 969 2513 sit,
995 2461 1113 2506 mansu-

155 2531 240 2591 ruml
267 2529 309 2589 ibi
333 2548 444 2611 paoem
466 2547 531 2590 esse
553 2529 655 2600 fidam,
682 2527 731 2588 ubi
754 2527 911 2589 voluntarii
932 2529 1027 2608 pacati
1045 2530 1144 2598 sintt

155 2632 251 2693 neque
266 2631 301 2674 eo
316 2613 391 2683 loco,
403 2612 456 2674 ubi
469 2614 639 2674 servitutem
652 2630 716 2672 esse
729 2612 827 2682 velint,
841 2612 927 2672 iidem
938 2611 1114 2691 sperandam

154 2717 229 2760 esse.
269 2699 299 2757 in
320 2699 397 2758 hanc
417 2699 592 2757 sententiam
617 2697 744 2756 maxime
762 2695 1146 2774 consul-ipse'inclinavittt

154 2785 268 2845 animos
290 2781 450 2842 identidem
466 2780 504 2841 ad
524 2781 675 2860 principes
700 2781 912 2841 sententiarum
934 2780 1113 2851 consulares,

155 2868 196 2926 uti
218 2866 352 2927 exaudiri
372 2875 473 2942 posset
490 2863 669 2942 apluribus,
694 2863 818 2925 dicendo
835 2882 885 2925 eos
907 2864 1040 2935 demum,
1064 2865 1115 2944 qui
1128 2871 1166 2943 9.

155 2948 228 3009 nibil
245 2957 453 3028 praeterquam
471 2948 508 3009 de
524 2947 659 3008 libertate
674 2948 818 3024 cogitent,
844 2945 948 3026 dignos
964 2967 1043 3018 esse,
1064 2949 1114 3027 qui

155 3031 279 3091 Romani
296 3033 375 3092 liant.
404 3033 503 3113 itaque
524 3041 554 3092 et
574 3034 606 3092 in
626 3040 730 3092 senatu
744 3050 861 3093 causam
885 3031 1041 3092 obtinuere
1060 3037 1156 3101 ,etio

156 3131 192 3174 ex
209 3116 381 3175 auctoritate
395 3125 512 3193 patrum
527 3115 617 3176 latum
633 3114 669 3174 ad
681 3115 822 3193 populum
837 3122 895 3185 est,
912 3125 945 3174 ut
959 3114 1113 3177 Priverna-

155 3196 232 3258 tibus
247 3199 348 3259 ciritaa
358 3197 487 3262 daretur.
520 3199 624 3261 eodem
635 3215 713 3259 anno
726 3200 828 3259 Anxur
841 3199 967 3258 trecenti
986 3198 1017 3256 in
1031 3197 1154 3258 colo-11

155 3283 234 3344 niam
257 3282 339 3344 misai
358 3291 442 3352 sunt;
458 3282 526 3346 bina
543 3285 644 3361 iugera
661 3283 724 3359 agri
742 3289 931 3359 acceperunt.

217 3365 306 3427 Xllll.
335 3365 460 3427 Secutus
472 3376 517 3428 cst
527 3380 622 3430 annus
637 3363 716 3426 nulla
727 3383 761 3426 re
772 3362 843 3424 belli
854 3363 969 3425 domive
980 3365 1112 3444 insignis,
1128 3373 1143 3424 1

154 3450 186 3514 Ρ.
202 3449 317 3513 Plautio
332 3450 458 3513 Proculo
479 3451 511 3512 Ρ.
529 3447 666 3510 Cornelio
677 3447 802 3527 Scapula
820 3447 1003 3520 consulibus,
1025 3456 1144 3530 prae-a
