2538 3946
371 215 465 258 umen
478 217 509 257 x.
523 215 591 258 our.
606 203 648 258 lt.
666 193 706 278 [o.
724 197 758 260 0.
774 197 836 282 296]
1025 208 1088 270 167

116 363 318 442 maglsqnam
328 360 443 422 deserto
453 364 557 423 noxiae
568 363 643 423 lore.
666 381 702 424 eo
713 381 777 424 rem
788 364 952 436 adductam,
964 376 998 428 ut
1008 369 1119 430 omnis

116 449 169 512 rei
183 447 262 508 bene
276 453 327 506 aut
344 463 429 506 secus
444 453 542 522 gestae
555 448 587 506 in
601 446 719 507 Etruria
740 446 829 508 decus
844 449 1029 531 dedecusque
1050 453 1089 514 ad

116 532 155 594 L.
170 529 362 590 Volumnium
374 530 412 588 sit
423 529 598 608 delegatum.
626 533 774 592 neminem
786 535 1000 610 quaesiturum,
1013 554 1089 612 quae

116 613 218 675 verba
233 614 323 692 Appi,
340 613 392 672 sed
406 631 482 692 quae
497 613 614 675 fortuna
631 618 775 676 exercitus
791 616 889 676 luerit.
934 617 1040 676 dimitti
1052 618 1089 679 ab
1102 628 1121 678 4

4 725 5 728 ¹
116 699 223 776 Appio
239 713 320 766 oum,
344 695 429 756 seda
450 716 483 757 re
499 697 617 776 publica
633 705 662 758 et
679 699 715 758 ab
732 701 863 762 exercitu
878 702 1015 768 retineri:
1038 719 1089 761 ex·

3 775 4 793 ¹
117 782 279 862 periretur
298 779 386 840 modo
407 778 586 842 voluntatem
605 781 740 843 militum.
783 784 856 843 lraec
871 784 1019 844 mouendo
1035 783 1117 844 ob·o

117 862 322 942 testandoque
342 881 435 943 prope
450 866 618 926 restitantes
632 865 767 927 consules
786 868 818 926 iu
833 870 999 928 contionem
1021 885 1090 947 per·

117 953 292 1008 traxerunt.
312 946 353 1006 ibi
365 950 513 1009 orationes
524 947 673 1027 longiores
684 950 800 1010 habitae
811 952 842 1012 in
855 953 978 1014 eandem
994 952 1089 1012 ferme

118 1032 320 1100 seutentiam,
335 1032 366 1090 iu
380 1050 467 1109 quam
482 1034 561 1093 iuter
577 1051 686 1112 paucos
705 1041 848 1095 certatum
863 1036 961 1095 verbis
984 1036 1089 1096 iuerat.

120 1121 156 1175 et
173 1132 241 1174 cunr
257 1112 443 1184 Volumnius,
460 1133 548 1176 causa
562 1118 711 1194 superior,
727 1135 765 1176 ue
783 1118 956 1178 infacundus
972 1119 1120 1198 quidemti

120 1199 270 1260 adversus
287 1198 423 1257 eximiam
437 1197 633 1276 eloquentiam
650 1199 779 1277 collegae
795 1203 872 1262 visus
887 1211 978 1272 esset,
1001 1201 1117 1262 catil-'t

120 1281 253 1358 lausque
267 1281 378 1358 Appius
392 1280 448 1341 sibi
459 1289 611 1360 accepttuu
623 1281 736 1342 referre
748 1283 859 1343 diceret
870 1285 993 1354 debere,
1010 1285 1091 1363 quod

122 1383 166 1426 ex
190 1371 272 1424 muto
293 1371 381 1442 atque
402 1363 512 1441 elingui
535 1364 693 1425 facundum
716 1367 803 1425 etiam
825 1366 975 1426 consulem
999 1367 1090 1428 hobe-

123 1454 213 1515 reut;
230 1448 330 1526 priore
342 1446 494 1508 consulatu
506 1449 609 1526 primis
619 1450 719 1525 utique
730 1449 880 1509 mensibus
892 1449 1008 1509 hiscere
1023 1468 1091 1510 eum

123 1531 284 1609 nequisse,
316 1549 395 1590 nuuc
415 1533 474 1591 iam
493 1529 644 1610 popularis
665 1533 813 1592 orationes
830 1551 944 1593 serere:
977 1540 1121 1612 „quanto

125 1613 248 1679 mallem
257 1623 275 1645 '⁴
292 1615 387 1692 inquit
399 1613 586 1685 Volumnius,
601 1623 660 1686 „tu
671 1633 689 1676 a
699 1634 746 1676 me
758 1622 878 1677 strenue
889 1617 987 1677 lacere
998 1634 1088 1697 quam

126 1715 186 1776 ego
199 1696 255 1757 'abs
270 1704 298 1758 te
314 1699 386 1757 scite
399 1697 480 1778 loqui
495 1698 694 1760 didicissemr
721 1707 872 1780 postremo
884 1700 1088 1762 condicionem

125 1782 224 1851 ferre,
243 1799 317 1860 quae
333 1781 490 1844 decretura
509 1784 561 1854 sit,
583 1802 643 1844 nou
665 1792 765 1844 orator
779 1817 821 1829 —
838 1797 935 1864 neque
959 1787 1038 1845 enim
1060 1785 1092 1845 id

127 1864 300 1926 desiderare
312 1883 375 1925 reru
387 1865 535 1944 publicam
545 1902 601 1938 -,
614 1868 665 1928 sed
676 1869 837 1945 imperator
848 1877 915 1928 uter
925 1871 963 1928 sit
974 1868 1089 1929 melior.

128 1945 279 2015 Etruriam
296 1955 325 2008 et
340 1949 491 2010 Samnium
512 1952 678 2028 provincias
696 1969 774 2020 esse,
795 1958 893 2011 utram
914 1951 1014 2011 mallet
1037 1951 1118 2010 eli-9

129 2037 229 2111 geret:
252 2049 304 2093 suo
321 2035 452 2094 exercitu
468 2051 500 2094 se
515 2032 560 2093 vel
584 2036 615 2094 in
629 2035 748 2094 Etruria
769 2034 813 2093 vel
833 2034 865 2092 in
882 2033 1002 2092 Samnio
1026 2050 1091 2092 rem

74 2164 79 2174 .
128 2122 291 2192 gesttuum.
321 2123 384 2176 turn
399 2116 525 2176 militum
539 2116 651 2176 clamor
666 2124 763 2185 ortus,
778 2122 812 2176 ut
827 2116 913 2175 simul
925 2115 1011 2176 ambo
1026 2114 1088 2176 bel·
1101 2124 1135 2176 ld

128 2197 191 2261 lum
211 2198 368 2259 Etruscum
393 2201 586 2276 susciperent
637 2217 696 2277 quo
720 2198 923 2260 animadverso
945 2217 1091 2260 consensu
1102 2207 1131 2258 11

132 2276 317 2343 Volumnius:
330 2326 348 2349 „
356 2283 496 2358 quoniam
507 2279 675 2358 incollegae
686 2281 834 2342 voluntate
845 2281 1091 2358 interpretanda“

128 2365 227 2444 iuquit
236 2365 372 2432 „erravi,
386 2381 445 2423 nou
455 2365 649 2434 committam,
662 2370 709 2435 ut,
720 2363 791 2445 quid
801 2383 853 2423 vos
864 2364 971 2431 velitis,
985 2363 1091 2424 obscu-

129 2466 199 2509 rum
209 2447 261 2507 sit:
279 2464 399 2508 manere
416 2465 455 2507 au
469 2446 551 2508 abire
562 2465 610 2508 me
624 2446 732 2519 velitis,
754 2446 883 2507 clamore
900 2448 1091 2524 significate.“

130 2542 193 2594 tum
215 2549 284 2592 vero
305 2538 404 2591 tantus
425 2538 470 2591 est
489 2529 600 2594 clamor
618 2540 751 2601 exortus,
774 2538 807 2591 ut
825 2531 925 2591 lrostes
948 2549 965 2589 e
986 2530 1090 2590 castris
1102 2538 1134 2589 12

132 2616 252 2676 exciret.
284 2615 373 2676 armis
394 2616 520 2693 arreptis
541 2617 572 2675 iu
594 2616 687 2676 aciem
706 2614 898 2676 descendunt.
928 2622 958 2674 et
973 2612 1091 2673 Volum-

131 2701 198 2760 nius
209 2701 292 2777 sigua
308 2716 415 2758 canere
430 2716 465 2758 ac
482 2698 585 2759 vexilla
600 2698 700 2758 ellerri
713 2699 816 2758 castris
836 2698 929 2758 iussit.
962 2698 1090 2774 Appium
1100 2704 1134 2757 13

131 2782 318 2844 addubitasse
333 2783 432 2843 ierunt
447 2789 618 2843 cernentem
633 2800 686 2842 seu
703 2789 853 2861 pugnante
868 2799 920 2840 seu
937 2783 1037 2860 quieto
1058 2799 1090 2842 se

130 2865 196 2926 iore
213 2865 343 2944 collegae
357 2867 522 2936 victoriam;
544 2865 651 2926 deinde
670 2867 810 2936 veritum,
833 2884 870 2927 ne
886 2885 956 2927 suae
973 2885 1090 2945 quoquc

133 2944 264 3024 legiones
280 2950 468 3011 Volumnium
492 2958 701 3029 sequerentur,
724 2958 754 3011 et
772 2952 869 3031 ipsum
891 2949 1091 3028 flagitantibus

131 3031 192 3090 suis
211 3033 328 3107 siguum
347 3033 470 3094 dedisse.
504 3032 541 3093 ab
556 3041 661 3094 neutra
674 3041 762 3112 ‘parte
784 3036 853 3095 satis
868 3033 1023 3093 commode
1043 3034 1088 3090 iu·
1099 3037 1134 3089 tt

130 3114 236 3176 structi
257 3113 386 3177 luerunt.
418 3135 486 3176 num
507 3123 536 3176 et
551 3116 725 3177 Samnitium
746 3116 806 3177 dux
823 3116 933 3177 Gellius
949 3114 1090 3191 Egnatius

130 3196 301 3279 pabulatum
330 3217 396 3259 cuur
422 3198 593 3259 cohortibus
617 3201 719 3277 paucis
743 3201 818 3259 ierat
841 3217 953 3276 suoque
978 3199 1091 3274 impetu

130 3284 224 3361 magis
238 3280 346 3342 milites
363 3301 450 3361 quam
466 3286 637 3361 cuiusquam
652 3282 742 3343 ductu
757 3289 808 3342 aut
820 3284 946 3360 irnperio
961 3297 1090 3358 pugnarn

131 3367 337 3446 capessebant,
354 3375 383 3426 ot
399 3367 525 3427 Romani
539 3368 685 3426 exercitus
699 3383 754 3427 nec
767 3368 879 3445 pariter
893 3364 979 3424 ambo
997 3364 1085 3434 ducti,
1099 3368 1132 3421 ts

131 3465 188 3514 uec
206 3453 277 3513 satis
296 3453 438 3538 temporis
452 3451 490 3513 ad
508 3450 724 3513 instruendum
735 3449 799 3512 suit.
835 3452 919 3530 prius
938 3449 1090 3511 concurrit
