2542 3956
185 191 248 256 348
380 205 474 249 nmen
488 204 578 248 xxm.
594 203 664 248 oar.
678 180 857 264 aalma.
872 179 936 264 aas]

187 353 317 415 mediam
332 354 426 414 aciem
442 352 579 431 Hispanis
592 352 703 422 flrmat;
725 352 756 410 in
775 349 932 421 cornibus,
953 348 1058 410 dextro
1074 350 1154 412 Poe·

186 455 241 498 nos
254 435 347 505 locat,
369 435 452 498 laevo
466 436 553 496 Atros
567 435 900 514 mercennariorumque
920 432 1044 504 auxilia3
1066 436 1153 514 equi-
1262 433 1263 520 l

186 528 248 581 tum
262 519 404 582 Numidas
417 519 586 580 Poenorum
600 517 760 597 peditibus,
783 526 898 578 eeteros
912 517 984 578 Afro
1002 535 1061 596 pro
1083 536 1152 579 uor-

158 603 274 664 tinibus
286 605 415 683 apponit
444 621 501 663 nec
511 617 615 663 omnes
625 602 769 663 Numidae
780 602 812 660 in
823 601 927 662 dexuo
940 600 1030 662 locati
1043 619 1149 672 cornu,

134 706 136 714 ¹
186 687 240 749 sed
254 688 362 768 quibus
377 686 559 749 desultorum
569 687 601 746 in
617 685 738 746 modum
753 685 840 746 binos
854 683 1040 747 trahentibus
1055 703 1150 766 equos

185 773 265 831 inter
287 773 463 832 acerrimam
488 788 578 850 saepe
599 787 729 849 pugnam
749 771 780 829 ln
803 776 953 830 recentem
979 786 1091 848 equum
1113 788 1151 830 cx

187 854 265 915 lesse
289 857 409 916 armatis
427 853 606 916 transultare
626 871 691 914 mos
710 859 787 914 erat:
810 859 891 914 unta
913 853 1054 914 velocitas
1076 853 1150 932 ipsis
1262 849 1263 936 l

156 945 304 1019 uiamque
319 938 412 999 docile
427 955 569 1016 equorum
586 954 680 1014 genus
696 944 748 998 est.
780 935 1149 998 cumhoemodoinstra1·
1262 939 1263 990 3

187 1025 227 1082 cti
240 1029 366 1092 starent,
384 1024 596 1100 imperatorum
611 1021 764 1100 utriusque
779 1022 872 1100 partis
887 1019 966 1082 haud
976 1021 1074 1080 lerme
1089 1020 1148 1082 dis·
1262 1015 1263 1096 ζ

184 1122 271 1183 pares
292 1123 360 1183 spes
381 1112 482 1166 erant:
504 1122 572 1166 nam
600 1123 638 1166 ne
656 1103 780 1166 multum
804 1103 924 1184 quidem
951 1109 1003 1164 aut
1021 1121 1148 1166 numero
1262 1125 1263 1132 ¹

187 1195 237 1250 aut
252 1206 362 1266 genere
376 1188 503 1250 militum
519 1188 551 1249 hi
565 1195 615 1249 aut
625 1186 669 1248 illi
679 1187 883 1268 praestabaut3
901 1185 1045 1248 militibus
1059 1185 1149 1266 longe

157 1272 286 1352 adispar
300 1274 416 1334 animus
431 1279 504 1334 erat.
537 1273 678 1334 Romanis
694 1273 789 1341 eninr,
816 1289 992 1352 quamquam
1008 1269 1117 1350 procul
1131 1291 1149 1332 a

184 1358 280 1436 patria
294 1363 475 1436 pugnarent,
491 1355 577 1417 iacile
588 1354 1042 1436 persuaserantducesproltelia
1059 1363 1148 1436 atque

184 1439 260 1500 urbe
271 1441 403 1500 Romana
418 1458 468 1501 eos
480 1457 629 1520 pugnare;
646 1441 757 1519 itaque,
774 1438 853 1501 velut
866 1438 973 1518 quibus
983 1439 1099 1500 reditus
1114 1441 1147 1499 in

185 1526 311 1602 patriam
335 1542 369 1585 eo
391 1522 561 1597 discrimine
586 1541 703 1604 pugnae
723 1529 904 1594 verteretur,
926 1521 1149 1585 obstinaverant

155 1609 290 1668 8animis
305 1609 423 1669 vincere
441 1615 492 1668 aut
505 1609 591 1669 mori.
620 1609 718 1668 minus
736 1608 902 1685 pertinaces
922 1607 1001 1668 uiros
1016 1605 1148 1667 babebat

184 1689 276 1750 altera
298 1693 391 1761 acies,
416 1709 484 1751 nam
509 1692 636 1761 maxima
658 1709 727 1768 pars
741 1691 863 1770 Hispani
886 1697 985 1761 erant,
1001 1691 1053 1770 qui
1069 1690 1147 1750 vinci

156 1780 174 1832 9
186 1774 218 1832 in
227 1771 365 1852 Hispania
376 1790 464 1853 quam
476 1774 602 1835 actores
611 1775 643 1834 in
655 1773 768 1836 ltaliam
780 1773 857 1835 trabi
868 1772 1026 1836 malebant.
1047 1774 1146 1853 primo
1262 1807 1263 1818 ,

185 1858 276 1934 igitur
290 1874 450 1926 concursu,
466 1875 534 1918 cum
548 1857 596 1918 vix
611 1856 670 1938 pila
687 1859 820 1919 coniecta
836 1865 935 1919 essent
941 1879 954 1928 ,³
965 1857 1084 1919 rettulit
1093 1876 1145 1938 pe·

185 1940 252 2000 dem
268 1941 364 2002 media
376 1942 462 2012 acies,
477 1941 730 2021 inferentibusque
742 1959 774 2002 se
790 1959 898 2020 magno
911 1943 1025 2022 impetu
1035 1942 1144 2004 Roma-

142 2029 176 2082 10
185 2026 232 2084 nis
250 2027 337 2086 vertit
351 2032 443 2103 terga.
474 2024 566 2085 nihilo
579 2026 698 2104 segnius
714 2029 745 2086 ia
760 2025 900 2086 cornibus
916 2024 1064 2106 proelium
1080 2025 1143 2086 luit

184 2108 254 2168 hinc
269 2108 400 2179 Poenus,
421 2109 491 2169 binc
506 2109 576 2170 Aier
594 2116 694 2188 urget,
715 2116 745 2170 et
768 2109 847 2170 velut
870 2111 902 2170 lu
928 2110 1144 2171 circumventos

102 2187 105 2196 '
141 2197 173 2250 11
184 2191 300 2271 proelio
315 2192 435 2272 ancipiti
455 2201 598 2271 pugnant
637 2193 688 2254 sed
705 2211 772 2255 cum
796 2195 828 2254 in
849 2193 979 2254 medium
1002 2199 1064 2254 tota
1085 2194 1144 2254 iam

185 2277 293 2336 coisset
306 2276 438 2338 Romana
454 2278 548 2348 acies,
563 2278 634 2339 satis
651 2278 756 2338 virium
772 2276 809 2338 ad
825 2275 998 2338 dimovenda
1012 2275 1142 2338 bostium

142 2366 300 2421 ttcornua
321 2360 439 2423 habuit:
467 2362 507 2421 ita
536 2361 594 2422 dun
616 2359 729 2422 diversa
749 2359 861 2442 proelia
885 2367 979 2422 erant
1015 2366 1143 2440 utroque

184 2442 379 2514 Romaniut
401 2446 452 2524 qui
472 2443 565 2523 pulsis
585 2447 643 2506 iam
659 2452 727 2506 ante
742 2445 847 2506 mediis
861 2451 891 2504 et
906 2460 1031 2505 numero
1049 2451 1080 2506 et
1093 2462 1142 2504 ro·

141 2526 260 2589 labore
274 2529 405 2590 virorum
426 2535 625 2608 praestarent,
646 2528 832 2590 hauddubie
854 2535 1003 2606 superant.
1035 2545 1141 2606 magna

187 2612 231 2670 vis
255 2611 407 2673 bominum
433 2611 475 2672 ibi
501 2614 611 2683 occisa,
639 2620 682 2684 et,
706 2613 763 2673 nisi
789 2612 910 2692 Hispani
931 2611 1051 2672 vixdum
1071 2629 1140 2672 con·

184 2702 264 2755 serto
279 2694 393 2774 proelio
409 2702 468 2756 tam
482 2697 572 2756 elluse
587 2697 742 2775 fugissent,
757 2697 898 2775 perpauci
913 2713 949 2756 er
964 2700 1023 2756 tota
1038 2712 1140 2772 super·

142 2782 176 2834 14
187 2776 312 2838 luissent
326 2774 398 2839 acie,
428 2781 572 2859 equestris
586 2797 685 2859 pugna
705 2779 784 2841 nulla
799 2779 956 2841 admodum
971 2779 1040 2848 luit,
1062 2779 1138 2858 quia,

185 2857 272 2920 simul
286 2860 456 2922 inclinatam
476 2861 603 2922 mediam
621 2864 713 2923 aciem
728 2864 822 2924 Mauri
839 2862 1041 2943 Numidaeque
1060 2861 1139 2922 ride·

183 2950 270 3014 ruut,
293 2943 440 3024 extemplo
463 2945 532 3022 luga
555 2945 645 3006 effusa
666 2945 743 3006 nuda
765 2964 874 3008 cornua
891 2945 1054 3025 elephantis
1068 2963 1139 3024 quo-

144 3033 176 3088 lt
187 3045 245 3108 que
255 3045 327 3109 prae
342 3045 374 3089 se
388 3030 460 3090 actis
476 3028 643 3090 deseruere.
675 3036 704 3091 et
717 3029 896 3101 Hasdrubal,
912 3047 1006 3109 usque
1021 3027 1060 3090 ad
1073 3027 1140 3089 ulti·

186 3129 268 3173 mum
279 3119 414 3172 eventum
429 3131 545 3192 pugnae
560 3119 700 3183 moratus,
717 3131 733 3174 e
748 3113 844 3175 media
856 3113 946 3174 caede
957 3130 1024 3174 cum
1039 3110 1140 3192 paucis

142 3199 177 3254 ld
188 3195 298 3273 elingit.
326 3204 421 3257 eastra
436 3197 561 3257 Romani
576 3213 683 3276 cepere
694 3205 781 3276 atque
793 3197 951 3276 diripuere.
983 3214 1017 3256 ea
1031 3213 1138 3276 pugna,

186 3279 211 3338 si
227 3297 283 3356 qua
300 3277 388 3338 dubia
409 3282 440 3339 ab
456 3280 595 3358 Hispania
616 3286 713 3351 eraut,
735 3281 875 3342 Romanis
896 3281 1042 3350 adiunxit,
1066 3279 1138 3341 Has·

186 3358 359 3439 drubalique
373 3379 433 3421 non
447 3362 536 3422 modo
552 3365 583 3422 in
598 3363 709 3424 ltaliam
723 3362 898 3424 traducendi
911 3366 1070 3432 exercitus,
1087 3361 1138 3424 sed

184 3455 224 3497 ne
240 3441 378 3500 manendi
391 3444 508 3522 quidem
523 3447 592 3506 satis
603 3453 666 3506 tuto
677 3447 708 3506 in
721 3447 859 3526 Hispania
872 3466 955 3527 spem
970 3445 1138 3527 reliquerat.
