2538 3946
217 199 279 261 tot
407 211 584 256 rumoonnn
599 211 760 256 aroucam
769 213 834 256 xrv.
849 213 902 256 xv.
918 212 984 254 xvr.

495 443 682 506 rumoom
699 443 801 507 unm
820 443 904 526 riv„

282 595 394 662 Pyrrhus
411 597 437 646 in
450 595 562 648 Siciliam
578 594 683 646 traiecit.
712 609 770 644 cum
786 596 851 646 intcr
868 594 918 644 alia
934 593 1052 662 prodigia
1068 594 1185 646 fulmina
1244 567 1246 604 Ξ

214 664 340 716 delectum
352 675 420 715 esset
430 665 456 714 in
467 661 592 728 Capitolio
605 662 672 712 lovis
684 661 799 726 signum,
812 668 889 727 caput
901 663 957 713 eius
969 677 1015 728 per
1026 661 1184 729 haruspices
1244 681 1246 690 ⁴

214 732 346 782 inventum
364 740 409 784 est.
437 729 528 780 Curius
545 729 669 778 Dentatus
692 743 750 778 cum
771 727 891 778 dilectum
909 728 1027 790 haberet,
1046 730 1115 792 eius,
1137 729 1185 792 qui

213 799 308 848 citatus
319 813 370 848 non
387 797 567 863 responderat,
584 797 651 846 bona
668 796 766 861 primus
782 795 911 854 uendidit3
927 797 987 845 item
1005 794 1133 860 Pyrrhum
1148 811 1185 847 ex

215 865 340 916 Siciliain
352 865 450 914 Italiam
462 879 592 913 reversum
609 862 670 912 vicit
686 871 711 911 et
722 862 794 911 ltalia
810 861 917 927 expulit.
940 862 1071 912 Fabricius
1085 878 1186 914 censor

213 932 243 986 P.
257 932 401 983 Cornelium
413 930 532 980 Rufinum
551 929 711 979 consularem
729 936 820 979 senatu
837 929 930 989 movit,
954 928 1024 990 quod
1046 930 1068 978 is
1086 929 1187 980 decem
1244 927 1246 950 i

213 1000 311 1064 argenti
322 998 408 1065 pondo
420 996 480 1046 iacti
491 995 603 1046 haberet.
633 995 711 1046 lustro
723 1011 739 1045 a
751 997 899 1046 censoribus
911 995 1014 1046 condito
1026 1009 1104 1046 censa
1116 1006 1186 1046 sunt

213 1067 298 1130 capita
307 1065 400 1114 civium
407 1063 509 1118 ccffx‘t
515 1075 658 1118 ccxxxfflt.
682 1079 740 1113 cum
748 1062 1010 1128 Ptolemaeergypti
1021 1077 1082 1126 rege
1092 1064 1184 1112 accie-

213 1141 253 1181 tas
265 1133 350 1181 iuncta
362 1138 408 1181 est.
433 1129 540 1180 Sextilia
555 1131 626 1194 virgo
638 1129 751 1180 Vestalis
764 1130 884 1180 damnata
894 1130 986 1179 incesti
998 1129 1058 1179 viva
1070 1129 1182 1181 defossa

213 1205 262 1248 est.
291 1198 405 1248 coloniae
422 1197 546 1248 deductae
563 1204 623 1248 sunt
634 1197 773 1247 Posidonia
784 1207 809 1247 ct
820 1195 897 1250 cosa.
927 1195 1182 1260 Carthaginiensium

174 1275 177 1284 ’
212 1265 305 1316 classis
321 1265 417 1314 anxilio
429 1264 572 1314 Tarentinis
587 1265 671 1324 venit3
696 1277 746 1326 quo
757 1264 824 1314 facto
844 1265 877 1313 ab
889 1264 930 1313 his
947 1263 1040 1314 foedus
1051 1262 1180 1315 violatum

213 1338 261 1383 est.
284 1347 325 1382 res
336 1341 468 1398 praeterea
486 1340 573 1381 contra
584 1331 701 1382 Lucanos
720 1341 745 1380 et
756 1331 868 1382 Bruttios
887 1338 912 1380 et
924 1330 1052 1382 &multos
1069 1329 1180 1382 feliciter

212 1407 300 1464 gestas
313 1407 338 1448 et
349 1397 438 1464 Pyrrhi
450 1399 518 1464 regis
529 1406 637 1449 mortem
650 1400 771 1450 continet.

499 1713 686 1776 PERIOCHA
707 1713 809 1775 LIBRI
828 1714 888 1777 XV.

279 1864 360 1914 Victis
368 1862 510 1914 Tarentinis
522 1877 575 1929 pax
588 1874 612 1914 et
628 1864 731 1914 libertas
741 1864 799 1914 data
811 1873 858 1914 est.
876 1864 943 1929 legio
957 1865 1094 1932 (lamara,
1107 1881 1176 1930 qnae

212 1931 319 1997 Regium
331 1939 516 1996 occupaverat,
533 1932 638 1980 obsessa
656 1931 786 1981 deditione
801 1931 867 1982 lacta
884 1933 966 1982 securi
982 1948 1106 1999 percussa
1125 1943 1174 1984 est.

211 2013 269 2048 cum
280 1998 378 2063 legatos
389 1995 589 2062 Apolloniatium
601 1997 634 2048 ad
645 2007 761 2048 senatum
773 1999 866 2050 missos
879 2000 982 2062 quidam
994 2000 1100 2050 iuvenes
1111 2000 1175 2066 pul·

212 2074 326 2127 cassem,
339 2065 418 2115 dediti
430 2072 489 2114 sunt
500 2065 714 2130 Apolloniatibus.
741 2066 888 2116 Picentibus
900 2067 975 2117 victis
987 2081 1041 2132 pax
1052 2068 1112 2117 data
1124 2075 1173 2118 est.

210 2133 327 2182 coloniae
345 2132 469 2182 deductae
488 2131 631 2182 Ariminum
650 2133 677 2182 in
694 2133 800 2196 Picano,
824 2133 996 2184 Beneventum
1014 2133 1040 2184 in
1057 2133 1173 2186 Samnio.

211 2209 272 2248 tunc
283 2199 392 2264 primum
403 2198 650 2265 populusRomanus
659 2201 764 2266 argento
777 2200 814 2250 uti
826 2201 917 2266 coepit.
937 2199 1024 2251 Umbri
1036 2211 1062 2251 et
1071 2200 1172 2252 Sallen·

210 2264 258 2315 tini
269 2265 331 2315 vinti
342 2266 368 2315 in
381 2266 536 2316 deditionem
547 2268 645 2333 accepti
657 2275 726 2322 sant.
750 2277 913 2332 quaestorum
929 2282 1050 2319 numerus
1062 2267 1171 2334 ampliu·

210 2343 253 2383 tus
266 2342 320 2399 est,
333 2340 361 2384 nt
373 2342 460 2384 essent
471 2340 538 2389 octo.
1244 2345 1245 2354 ¹

717 2485 728 2498 Ι

489 2633 676 2698 rumonim
697 2633 799 2696 LIBlll
820 2634 891 2696 XVl.

279 2783 352 2850 Origo
372 2785 616 2850 Carthaginiensium
633 2793 658 2834 et
669 2784 808 2850 primordia
825 2787 896 2836 urbis
914 2801 1000 2836 eorum
1017 2785 1170 2839 referuntur.
1243 2803 1244 2851 3

208 2855 298 2899 contra
310 2867 374 2914 quos
393 2859 417 2900 ct
428 2853 563 2902 Hieronem
575 2867 661 2916 regem
675 2851 890 2917 Syracusanorum
908 2853 1030 2902 auxilium
1042 2853 1170 2902 Mamerti-

210 2916 250 2966 nis
262 2915 394 2966 icrendum
407 2927 511 2968 sanatus
524 2920 635 2974 censuit,
654 2933 710 2967 cnm
725 2920 757 2969 de
775 2933 805 2967 ca
815 2933 843 2968 re
860 2922 926 2972 inter
941 2921 1091 2976 suadentes.
1103 2927 1132 2968 ut
1143 2918 1172 2968 id

209 2984 292 3044 lieret,
306 2983 534 3048 dissuadentesque
550 2985 676 3033 contentio
693 2984 795 3044 fuissem
815 2987 1030 3051 transgressisque
1047 2994 1106 3036 tuno
1118 2986 1171 3051 pri·

209 3066 279 3100 mum
300 3066 370 3101 mare
392 3051 518 3115 equitibus
540 3051 662 3102 Romanis
685 3050 808 3103 adversus
825 3053 959 3103 Hieronem
980 3055 1083 3118 saepius
1102 3053 1170 3102 bene

209 3128 357 3183 pugnatum.
382 3120 477 3185 petenti
489 3134 541 3185 pax
558 3119 617 3168 data
630 3127 676 3169 est.
707 3118 841 3169 lustrnma
858 3121 1004 3171 censoribus
1023 3121 1168 3170 conditum:

207 3200 285 3236 censa
296 3197 356 3236 sunt
364 3189 457 3237 civium
469 3189 552 3253 capita
562 3198 708 3242 ocetxxxtl
718 3199 861 3244 ccxxxlffl.
879 3189 995 3238 Decimus
1006 3189 1092 3237 lunius
1104 3187 1169 3235 Bru·

209 3261 250 3302 tus
262 3269 354 3304 munus
371 3255 547 3318 gladiatorium
563 3256 590 3304 in
607 3254 727 3304 honorem
746 3253 858 3304 defuncti
874 3256 953 3320 patris
971 3253 1168 3319 primusedidit.

206 3319 309 3370 colonia
320 3322 442 3371 Aesernia
454 3323 563 3372 deducta
575 3331 621 3376 est.
644 3337 685 3370 res
697 3330 830 3389 praetcrea
849 3335 936 3372 contra
953 3321 1051 3372 Poenos
1070 3330 1094 3370 et
1105 3319 1169 3369 Vul-
1241 3385 1242 3388 Ἴ

207 3385 289 3434 sinios
306 3402 427 3453 prospere
438 3396 524 3453 gestas
537 3390 657 3441 continet.

583 3519 783 3529 m—
