2542 3956
293 176 388 222 umus
400 177 478 222 xxn.
493 175 562 220 cor.
579 160 620 220 19,
638 163 682 218 20.
694 163 737 219 21.
754 154 793 238 [a.
809 156 848 219 0.·
859 152 921 237 217]
1027 159 1094 222 279

130 324 217 388 litore
229 326 359 404 excepti,
370 325 478 402 partim
490 325 593 387 armati
606 325 714 404 partim
725 325 854 384 inermes
866 322 902 383 ad
916 324 1089 383 instructam

130 427 186 488 per
210 407 278 469 iltus
299 410 392 469 aciem
414 426 534 469 suorum
555 409 722 488 perfugere.
767 406 841 468 duae
868 412 965 467 tamen
992 407 1088 486 primo
1168 474 1174 485 ,

130 510 278 552 concursu
290 497 392 570 captae
404 499 487 553 erant
497 491 624 552 Punicae
635 509 738 562 naves,
753 487 890 569 quattuor
905 506 1087 569 suppressae.

132 573 196 637 XX.
222 575 363 645 Romani,
383 593 557 655 quamquam
576 582 657 636 terra
669 574 798 635 bostium
814 580 877 634 erat
892 580 1119 652 armatamquel

130 659 225 718 aciem
248 665 310 718 toto
330 665 513 738 praetentam
533 660 564 718 in
587 657 674 719 litore
695 657 872 729 cernebant,
899 656 977 717 baud
1001 674 1089 716 eunc-

131 747 229 801 tanter
251 743 375 803 insecuti
403 742 547 820 trepidam
576 743 703 803 bostium
729 741 851 803 classem
876 741 958 800 navis
984 740 1088 809 omnis,

132 841 208 902 quae
222 842 281 884 non
297 832 347 886 aut
364 825 570 904 perfregerant
581 843 686 905 proras
696 824 775 886 litori
795 823 895 884 inlisas
912 830 963 883 aut
976 824 1118 884 carinast

132 906 257 968 fixerant
271 908 365 979 vadis,
386 906 523 986 religatas
540 909 687 989 puppibus
706 909 739 969 in
761 908 850 968 altum
864 914 1032 976 extraxere,
1052 905 1090 966 od

133 991 262 1070 quinque
277 997 306 1051 et
324 992 426 1070 viginti
447 1010 567 1052 navese
587 992 779 1072 quadraginta
798 1009 913 1070 cepere.
943 1007 1039 1070 neque
1059 988 1118 1050 ida

131 1071 371 1152 pulcherrimum
380 1077 442 1136 eius
453 1076 591 1136 victoriae
607 1076 674 1144 luit,
692 1076 742 1136 sed
754 1075 832 1156 quod
844 1093 902 1135 una
919 1073 977 1134 leri
991 1091 1089 1153 pugna

131 1163 194 1217 toto
208 1158 270 1218 eius
288 1161 357 1218 orae
372 1159 447 1220 mari
461 1159 546 1236 potiti
560 1166 653 1220 erant.
680 1161 778 1238 itaque
799 1157 834 1219 ad
852 1158 979 1219 Onusam
996 1157 1089 1218 classe

130 1242 275 1320 proveeti;
306 1242 438 1302 escensio
450 1241 486 1301 ab
499 1241 619 1302 navibus
628 1244 658 1302 in
670 1251 778 1302 terram
790 1242 874 1302 lacta.
904 1259 971 1302 cum
982 1240 1087 1302 urbem
1098 1251 1116 1300 4

131 1323 160 1382 vi
174 1325 321 1402 cepissent
336 1331 507 1404 captamque
522 1326 725 1404 diripuissent,
741 1326 946 1402 Carthaginem
959 1325 1026 1384 inde
1037 1341 1089 1404 pe·

131 1413 211 1478 tunt,
228 1415 314 1486 atque
329 1425 446 1469 omnem
459 1427 561 1486 agrum
577 1411 655 1470 eirca
667 1407 834 1488 depopulati
848 1416 997 1488 postremo
1009 1414 1117 1470 tectas

131 1507 249 1569 quoque
270 1491 401 1552 iniuncta,
421 1510 508 1552 muro
528 1495 679 1572 portisque
700 1492 904 1570 incenderunt.
939 1490 1008 1552 inde
1033 1493 1120 1552 iamt

130 1572 242 1652 praeda
267 1577 362 1651 gravis
385 1575 421 1635 ad
436 1575 655 1654 'Longunticam
674 1579 809 1655 pervenit
829 1575 943 1646 classis,
970 1574 1022 1635 ubi
1046 1577 1090 1636 ris

131 1673 237 1735 magua
249 1659 340 1736 sparti
352 1658 462 1718 adrem
474 1661 618 1722 nauticam
632 1667 769 1738 congesta
778 1667 845 1720 erat
855 1658 1089 1720 abllasdrubale.

131 1738 211 1813 quod
227 1742 296 1800 satis
310 1743 341 1801 in
359 1761 444 1802 usum
465 1743 520 1804 luit
541 1743 655 1805 sublato
679 1752 809 1804 ceterum
827 1761 914 1803 omne
935 1744 1089 1804 incensum

130 1830 186 1882 est.
213 1841 268 1883 nec
280 1825 454 1887 continentis
465 1827 553 1887 modo
564 1828 712 1906 praevecti
723 1835 791 1887 sunt
802 1822 894 1895 odam,
906 1826 959 1886 sed
973 1827 1089 1888 inEbu-
1101 1835 1117 1883 7

129 1923 197 1966 sum
208 1906 332 1969 insulam
344 1911 557 1971 transmissum.
581 1909 623 1970 ibi
633 1908 716 1981 urbe,
729 1927 804 1988 quae
815 1916 903 1988 caput
912 1909 1024 1970 insulae
1035 1918 1088 1978 est,

129 1988 253 2050 biduum
270 1993 446 2072 nequiquam
463 2011 577 2054 summo
597 1993 698 2054 labore
708 1999 880 2071 ,oppugnata
895 1991 946 2051 ubi
960 1993 991 2050 in
1008 2000 1120 2070 spem8

129 2074 362 2136 inritamlrustra
372 2077 429 2135 teri
443 2083 557 2154 tempus
578 2075 810 2136 animadversum
831 2082 888 2144 est,
911 2074 947 2134 ad
968 2075 1090 2154 popula·

130 2157 241 2215 tionem
257 2161 319 2234 agri
335 2159 410 2217 versi
427 2156 549 2236 direptis
564 2157 673 2238 aliquot
687 2159 872 2238 incensisque
886 2159 957 2218 vicis
978 2159 1119 2220 maiores

131 2256 219 2317 quam
236 2257 273 2299 ex
293 2241 455 2299 continenti
476 2240 586 2320 praeda
610 2249 693 2319 parta
708 2261 774 2303 cum
797 2243 829 2301 in
851 2259 939 2301 naves
954 2259 986 2302 se
1007 2259 1090 2302 rece·

132 2322 262 2400 pissent,
290 2341 325 2382 ex
347 2321 512 2384 Baliaribus
532 2319 636 2385 insulis
661 2323 750 2403 legati
770 2342 872 2404 pacem
895 2331 1029 2403 petentes
1053 2322 1090 2384 ad

131 2404 298 2481 Scipionem
316 2415 470 2467 venerunt.
500 2408 569 2467 inde
583 2407 657 2468 ilexa
674 2416 756 2469 retro
772 2408 885 2478 elassis,
901 2407 1088 2486 reditumque
1099 2415 1132 2466 10

130 2489 162 2547 in
181 2488 316 2548 citeriora
330 2491 513 2568 provinciae,
536 2509 594 2570 quo
609 2495 738 2553 omnium
758 2491 949 2571 populorum,
973 2493 1023 2571 qui
1038 2491 1091 2552 lli-

131 2570 236 2634 berum
259 2571 408 2646 accolunt,
436 2574 597 2636 multorum
623 2582 652 2635 et
679 2573 798 2638 ultimae
823 2573 980 2655 Hispaniae
1001 2575 1090 2654 legati

132 2662 361 2726 concurrerunt,¹
389 2657 440 2718 sed
463 2660 513 2739 qui
537 2677 605 2720 vere
626 2659 748 2721 dicionis
768 2661 942 2738 imperiique
962 2659 1088 2719 Romani
1101 2665 1128 2716 lt

129 2738 199 2798 lacti
213 2741 271 2801 sint
287 2740 437 2804 obsidibus
454 2742 528 2804 datis
548 2743 664 2823 populi,
687 2742 812 2822 amplius
833 2743 953 2804 luerunt
971 2751 1088 2804 centum

129 2824 240 2900 viginti.
272 2826 361 2903 igitur
381 2826 570 2888 terrestribus
583 2845 698 2908 quoque
716 2829 807 2906 copiis
829 2828 899 2887 satis
915 2827 1009 2888 tideus
1028 2827 1133 2888 lio-12

130 2923 235 2967 manus
259 2927 351 2989 usque
377 2910 413 2972 ad
439 2911 544 2972 saltum
571 2911 809 2974 Castulonensem
837 2919 882 2972 est
904 2929 1089 2991 progressus.

130 2987 295 3051 Hasdrubal
314 2995 345 3052 in
365 2994 546 3057 Lusitaniam
566 3013 600 3056 ac
619 2998 741 3074 propius
762 2995 910 3056 Oceanum
933 2995 1088 3054 concessit.

194 3072 268 3134 lllll.
301 3075 436 3144 Quietum
456 3077 525 3137 inde
549 3078 613 3137 iore
631 3076 784 3138 videbatur
808 3077 952 3155 reliquom
974 3078 1115 3136 aestatisl

130 3164 260 3236 tempus.
276 3157 437 3239 fuissetque
448 3179 502 3238 per
518 3159 650 3219 Poenum
666 3160 795 3228 bostem;
816 3159 868 3220 sed
882 3167 1088 3238 praeterquam
1101 3167 1118 3216 2

129 3241 210 3322 quod
224 3239 354 3320 ipsorum
368 3243 564 3324 Hispanorum
581 3243 709 3321 inquieta
725 3243 865 3321 avidaque
882 3243 913 3302 in
931 3259 1020 3302 noras
1039 3259 1088 3302 res

130 3333 200 3386 sunt
219 3327 351 3405 ingenia,
374 3325 547 3388 Mandonius
568 3323 779 3404 indebilisque,
801 3327 850 3404 qui
876 3333 960 3386 antea
981 3323 1121 3404 Ilerge-3

129 3418 192 3472 tum
209 3409 328 3492 regulus
342 3409 455 3484 luerat,
483 3416 638 3490 postquam
652 3409 777 3471 Romani
792 3409 828 3470 ab
844 3408 918 3472 saltu
937 3427 1089 3471 recessere
