2538 3946
203 186 265 248 246
382 199 475 240 crans
487 199 551 240 ιιι.
568 195 636 241 oar.
651 183 694 239 49.
710 183 753 238 50.
766 175 806 258 [a.
820 201 852 240 a.
868 200 894 241 c.
909 175 970 261 536]

161 355 179 408 t
204 349 407 410 adventantem
426 345 554 407 hostium
581 344 704 406 classem
724 345 814 406 missi.
846 346 960 422 itaque,
983 363 1165 426 quamquam

203 431 241 492 dc
257 429 401 492 industria
417 431 523 490 morati
538 446 656 490 cursum
671 429 786 490 navium
798 435 883 490 erant
893 428 1164 508 Carthaginienses,

204 523 237 576 ut
250 522 319 576 autc
333 512 429 575 lucem
452 512 628 574 accederent
643 511 827 590 Lilybaeum,
847 530 1040 591 praesensum
1060 520 1165 576 tamen

205 605 262 668 est,
277 598 344 678 qula
356 603 387 658 et
401 595 471 658 luna
479 613 593 676 pernox
605 603 668 658 erat
678 602 708 656 ct
728 594 848 658 sublatis
862 597 1051 658 armamentis
1062 599 1165 660 venie-

163 681 291 743 rebant:
325 678 471 760 extemplo
491 683 608 755 signum
629 678 729 740 datum
745 696 782 739 ex
803 678 930 757 speculis
951 685 981 739 et
999 681 1031 740 in
1051 681 1165 759 oppido

204 764 241 825 ad
256 781 337 826 arma
358 762 573 825 conclamatum
596 769 640 824 est
660 769 690 822 et
708 763 739 822 in
754 779 842 822 nares
857 779 1065 833 conscensum
1091 783 1165 843 pars

204 847 330 910 militum
347 848 378 908 in
392 848 485 908 muris
498 852 710 926 portarumque
725 846 758 905 in
773 845 961 916 stationibus,
978 863 1047 924 pars
1062 847 1093 906 in
1110 865 1165 908 na-

165 937 194 989 ti
208 931 290 992 ribus
304 938 399 992 erant.
429 937 459 992 et
473 930 742 1008 Carthaginienses,
762 930 829 1008 quia
844 947 907 990 rem
922 929 987 990 lore
1000 928 1078 990 haud
1093 948 1164 992 cum

204 1015 346 1092 inparatis
357 1012 525 1084 cernebant,
542 1031 634 1094 usque
648 1014 684 1075 ad
695 1011 790 1073 lucem
803 1019 890 1091 portu
901 1031 933 1072 se
946 1011 1162 1084 abstinuerunt,

205 1095 358 1158 demendis
380 1097 569 1157 armamentis
588 1115 623 1157 eo
636 1103 769 1177 tempore
785 1094 968 1175 aptandaque
979 1096 1015 1157 ad
1031 1114 1164 1175 pugnam

165 1187 196 1240 12
206 1178 298 1241 classe
313 1178 477 1260 absumpto.
502 1178 554 1240 ubi
566 1178 685 1250 inluxit,
708 1197 849 1258 recepere
866 1178 988 1240 classem
1008 1181 1039 1239 in
1060 1179 1162 1249 altum,

205 1270 238 1324 ut
251 1264 377 1343 spatium
392 1281 508 1343 pugnae
523 1272 615 1335 esset,
640 1265 807 1342 exitumque
828 1262 954 1324 liberum
972 1280 989 1322 o
1006 1270 1093 1342 portu
1109 1281 1163 1324 na·

165 1353 252 1408 leves
267 1347 395 1409 hostium
410 1347 563 1410 haherent.
601 1364 657 1410 nec
670 1347 795 1408 Romani
817 1346 1018 1408 detrectavere
1031 1364 1163 1425 pugnam

206 1438 234 1491 et
254 1433 396 1491 memoria
419 1431 497 1492 circa
520 1449 553 1493 ea
573 1433 636 1511 ipsa
657 1429 722 1491 loca
742 1438 892 1506 gestarum
920 1448 1021 1492 rerum
1042 1430 1113 1492 lreti
1133 1439 1165 1491 et

178 1513 328 1576 imilitum
341 1512 527 1576 multitudine
548 1532 583 1576 ac
601 1516 716 1574 virtute.
761 1515 794 1574 L.
824 1513 881 1576 Ubi
901 1515 932 1573 in
952 1512 1044 1574 altum
1068 1515 1164 1574 evecti

205 1605 287 1665 sunt,
311 1597 462 1659 Romanus
484 1614 641 1658 conserere
662 1614 790 1676 pugnam
808 1604 837 1657 et
853 1615 889 1659 ex
901 1599 1069 1677 propinquo
1084 1599 1163 1658 vires

178 1679 341 1741 2conlerre
355 1678 444 1749 velle;
462 1687 564 1740 contra
580 1680 698 1741 eludere
714 1681 830 1742 Poenus
845 1687 874 1740 ct
889 1687 966 1752 arte,
981 1682 1086 1742 non-vi
1097 1699 1163 1741 rem

206 1779 326 1841 gerere,
343 1764 518 1842 nariumque
533 1782 619 1843 quam
630 1765 759 1825 virorum
772 1771 822 1826 aut
833 1781 983 1825 armorum
994 1763 1081 1826 malle
1096 1782 1162 1826 cer·

177 1854 304 1910 ttamen
318 1847 426 1908 lacere.
458 1863 526 1908 nam
542 1855 575 1908 ut
590 1847 841 1912 sociisnavalihus
853 1848 972 1910 adlatim
987 1850 1163 1909 instructam

205 1929 345 2002 classem,
367 1932 407 1991 ita
429 1931 547 2010 inopem
563 1931 654 1992 milite
670 1931 831 2003 habebant,
854 1939 898 2002 et,
917 1932 1011 1994 sicubi
1026 1939 1163 1993 conserta

205 2015 286 2083 naris
301 2021 391 2086 esset,
407 2013 631 2095 haudquaquam
647 2034 701 2094 par
717 2033 857 2076 numerus
878 2024 1057 2078 armatorum
1076 2034 1113 2076 ex
1128 2033 1163 2076 ea

178 2096 362 2177 epugnabat.
380 2097 1163 2198 quodubIanimadversumest,etliomanismnltitudo

178 2186 257 2242 esua
271 2182 351 2243 auxit
360 2182 489 2244 animum
502 2189 531 2243 et
541 2183 672 2261 paucitas
683 2168 757 2244 illi}
752 2181 865 2244 minuit.
890 2182 1036 2263 extemplo
1048 2190 1162 2262 septem

98 2317 101 2324 ,
205 2281 293 2326 nares
324 2264 452 2326 Punicae
485 2267 715 2338 circumventae:
743 2267 842 2344 lugam
868 2273 985 2328 ceterae
1009 2274 1162 2346 ceperunt.

206 2347 287 2408 mille
302 2356 332 2408 et
346 2350 523 2428 septingenti
537 2350 662 2412 luerem
679 2349 799 2410 navibus
815 2351 908 2429 captis
921 2349 1030 2412 milites
1042 2356 1162 2412 nautae·

177 2435 278 2511 eque,
294 2433 326 2492 in
337 2431 454 2494 histros
468 2432 581 2494 nobiles
593 2433 886 2511 Carthaginiensium.
915 2433 1016 2494 classis
1029 2433 1163 2494 Romana

206 2515 361 2578 incolumis
377 2534 436 2578 una
449 2522 564 2582 tantum
584 2517 734 2595 perforata
745 2517 826 2587 navi,
849 2515 901 2576 sed
918 2529 952 2578 ea
967 2535 1084 2598 quoque
1098 2519 1162 2597 ipsa
1252 2515 1253 2552 ἓ

207 2598 330 2670 reduce,
346 2601 378 2659 in
393 2606 511 2679 portum
531 2599 626 2660 rediit.

179 2690 193 2738 ι
270 2681 436 2744 Secundum
463 2683 540 2744 hano
564 2699 707 2762 pugnam,
740 2684 870 2745 nondum
898 2687 998 2762 gnaris
1023 2687 1087 2746 cius
1112 2687 1163 2764 qui

206 2765 357 2826 blessanae
381 2774 477 2836 erant,
501 2767 545 2826 Ti.
562 2767 755 2846 Sempronius
776 2765 878 2829 consul
892 2768 1055 2829 Messanam
1073 2770 1163 2829 venit.

179 2849 236 2908 8ci
251 2847 361 2907 fretum
382 2848 504 2909 intranti
520 2867 574 2910 rex
593 2851 682 2910 llierc
703 2851 826 2912 classem
846 2859 993 2912 armatam
1013 2859 1163 2913 ornatam-

207 2948 264 3012 que
279 2928 393 2990 obviam
409 2929 503 3001 duxit,
519 2938 778 3013 transgressusque
793 2952 829 2995 ex
843 2937 924 3013 regia
938 2937 970 2995 in
984 2937 1161 3015 praetoriam

192 3033 324 3085 navem,
346 3015 506 3093 gratulatus
529 3017 668 3095 sospitem
688 3033 755 3077 cum
770 3020 901 3079 exercitu
915 3027 945 3079 ct
966 3019 1087 3079 navibus
1112 3018 1163 3079 ad·

206 3101 321 3160 venisse
348 3105 541 3179 precatusque
569 3118 744 3179 prosperum
769 3119 803 3162 ac
830 3100 947 3162 felicem
976 3103 1008 3162 in
1033 3101 1164 3163 Siciliam
1250 3135 1251 3156 1

179 3189 196 3240 9
209 3183 379 3252 transitum
395 3189 502 3244 statum
517 3183 623 3244 deinde
641 3183 755 3246 insulae
769 3193 799 3245 ct
813 3185 1108 3284 Carthaginiensium
1113 3203 1164 3244 co·

208 3273 276 3325 nata
299 3269 446 3342 exposuit,
476 3267 680 3366 pollicitusque
702 3276 760 3340 est,
784 3266 845 3348 [ut]
864 3287 923 3348 quo
946 3270 1043 3328 animo
1063 3268 1165 3347 priore
1249 3335 1250 3352 ἢ

209 3345 287 3406 bello
301 3347 442 3425 populum
453 3350 640 3410 Romanum
632 3353 744 3411 iuvenis
760 3352 928 3421 adiuvisset,
944 3370 980 3411 eo
994 3368 1095 3411 senem
1113 3350 1164 3412 ad-

169 3427 353 3498 leiuturum,
374 3430 553 3494 frumentum
572 3434 802 3513 vestimentaque
823 3451 886 3493 sese
906 3433 1071 3512 legionibus
1092 3452 1167 3495 con·
1249 3433 1250 3509 1
