2538 3946
313 225 485 272 meam.
501 226 569 270 aar.
585 215 628 269 34.
643 214 687 268 35.
703 206 742 289 [a.
759 209 793 272 Ο.
811 207 873 290 218]
916 177 924 198 '
1009 215 1073 280 233

113 374 308 454 elephantici
325 377 437 456 equites
454 382 554 445 erant,
570 375 634 453 ipse
648 382 715 453 post
729 392 796 436 eum
813 376 923 439 robore
938 377 1070 457 peditum

113 460 364 537 circumspectans
381 456 580 537 sollicitusque
595 460 694 519 omnia
712 459 877 520 incedebat
901 459 981 528 ubi
973 479 1004 522 ιιι
1020 469 1104 522 ane

112 543 316 639 gustiorem
290 559 366 603 uam
383 548 413 602 et
425 548 511 620 parte
526 540 617 603 altera
629 541 814 603 subiectam
805 559 874 622 rugo
891 545 1013 623 insuper
1026 546 1072 605 in-

112 626 238 688 minenti
252 633 372 687 ventum
388 633 446 696 est,
459 625 588 705 undique
608 643 644 686 ex
658 625 772 688 insidiis
786 626 920 699 barbari,
943 645 960 688 a
974 628 1072 689 fronte

112 708 151 770 ab
165 717 250 788 tergo
266 711 375 781 coorti,
399 711 563 773 comminus
583 711 697 770 eminus
719 716 840 789 petunt,
858 729 928 773 saxa
941 712 1072 788 ingentia

111 795 144 854 in
156 809 263 870 agmen
274 791 438 858 devolvunt.
468 794 592 857 maxima
608 793 644 854 ab
656 800 740 872 tergo
759 795 802 854 ris
817 793 970 856 bominum
984 811 1072 872 urge·

111 876 174 938 bat.
202 878 236 936 in
249 893 300 938 eos
314 894 398 938 versa
411 877 542 956 peditum
558 877 635 937 acies
653 876 733 937 haud
751 875 871 938 dubium
886 878 969 948 iecit,
990 880 1071 958 quin,

112 961 171 1020 nisi
185 960 299 1022 firmata
318 967 449 1022 extrema
467 960 592 1038 agminis
609 960 749 1030 luissent,
770 962 878 1038 ingens
896 963 928 1021 in
947 979 982 1023 eo
996 961 1072 1023 saltu

113 1043 283 1123 accipienda
298 1043 398 1106 clades
411 1045 510 1105 luerit.
541 1049 613 1104 tunc
626 1061 744 1124 quoque
758 1043 796 1104 ad
813 1051 978 1106 extremum
991 1046 1102 1124 peri-8

113 1127 172 1190 culi
187 1145 221 1189 ae
235 1145 329 1207 prope
342 1130 504 1207 perniciem
518 1134 638 1189 ventum
653 1136 706 1187 est.
744 1145 812 1190 nam
831 1128 902 1188 dum
917 1135 1072 1190 cunctatur

111 1211 259 1273 Hannibal
271 1211 426 1274 demittere
440 1227 546 1288 agmen
559 1211 592 1271 in
605 1211 769 1288 angustias,
787 1213 854 1290 quia
869 1230 943 1283 non,
961 1219 994 1273 ut
1007 1214 1071 1291 ipse

113 1294 261 1373 equitibus
275 1294 423 1373 praesidio
438 1300 516 1363 erat,
534 1295 575 1355 ita
592 1293 739 1372 peditibus
752 1297 910 1375 quicquam
931 1294 968 1356 ab
985 1304 1071 1373 tergo

113 1376 214 1438 auxilii
229 1376 406 1456 reliquerat,
421 1383 610 1438 occursantes
624 1395 680 1454 per
697 1377 815 1457 obliqua
833 1381 966 1439 montani
978 1382 1103 1440 inter-n

111 1468 200 1540 rupto
217 1460 317 1521 medio
328 1462 445 1538 agmine
457 1461 533 1522 dam
548 1461 700 1530 insedere;
717 1479 835 1542 noxque
846 1478 905 1523 una
915 1461 1072 1524 Hannibali

111 1544 178 1604 sine
189 1544 336 1623 equitibus
346 1551 433 1624 atque
444 1544 653 1624 inpedimentis
663 1552 728 1606 acta
739 1552 793 1606 est.
820 1545 934 1608 XXXV.
949 1546 1100 1606 Posteror

112 1627 161 1688 die
176 1629 235 1688 iam
250 1629 370 1706 segnius
384 1627 649 1693 intercursantibus
668 1627 803 1690 barbaris
822 1631 940 1690 iunctae
957 1630 1060 1708 copiae

111 1709 380 1792 saltusquehaud
356 1730 419 1773 srne
431 1711 523 1784 clade,
535 1729 648 1774 marore
658 1718 758 1773 nmen
768 1714 969 1774 iumentorum
981 1731 1071 1792 quam

110 1795 262 1856 bominum
276 1797 420 1875 pernicie,
434 1803 597 1875 superatus.
623 1795 1102 1875 indemnatanipaueioresiame

110 1884 142 1937 et
156 1877 303 1940 latrocinii
314 1881 408 1957 magis
423 1897 510 1978 mam
525 1878 595 1940 balb
610 1897 694 1940 more
710 1879 923 1956 concursabant
936 1879 1048 1941 modo
1039 1897 1070 1939 m
1126 1871 1157 1944 C

108 1962 253 2041 primum,
269 1961 384 2024 modo
374 1979 406 2023 m
426 1964 616 2024 ιιοιιιιιιιιιιιιι
637 1979 758 2039 agmen,
778 1970 937 2041 utcumque
958 1971 1008 2022 aut
1026 1961 1070 2021 lo·

109 2062 163 2106 cus
179 2047 430 2126 opportunitatem
444 2046 529 2108 daret
544 2054 595 2108 aut
614 2047 767 2124 progressi
786 2046 928 2106 morative
943 2044 1069 2124 aliquam

109 2131 297 2190 occasionem
310 2129 458 2190 leebsent
490 2128 653 2208 elephanti,
669 2128 745 2188 sieut
760 2144 815 2207 per
829 2134 908 2188 artas
923 2129 1098 2207 praecipi-3

108 2218 155 2272 tes
175 2213 237 2272 rias
255 2230 362 2289 magna
383 2229 468 2272 mora
489 2211 668 2290 agebantur,
689 2211 730 2271 ita
751 2217 846 2272 tutum
867 2210 904 2272 ab
924 2211 1058 2272 hostibus

108 2311 296 2374 quacumque
309 2293 498 2366 incederent,
514 2295 583 2374 quia
597 2295 719 2354 insuetis
733 2294 861 2355 adeundi
874 2297 996 2374 proptus
1006 2312 1068 2354 me·

108 2388 158 2438 tus
173 2384 251 2446 erat,
267 2394 374 2456 agmen
386 2377 579 2456 praebebant

173 2460 259 2523 Nono
276 2460 352 2521 die
343 2477 375 2528 ιιι
392 2463 494 2540 iugum
513 2460 630 2540 Alpium
651 2466 826 2558 perventum
849 2467 893 2520 cst
911 2477 966 2538 per
991 2460 1098 2520 invias

107 2543 252 2643 pleraque
268 2551 297 2606 et
317 2562 448 2618 errores,
472 2563 545 2625 quos
565 2551 616 2607 aut
636 2521 807 2605 dueentrum
827 2543 910 2604 fraus
928 2553 994 2613 aut,
1016 2540 1069 2602 ubi

107 2627 218 2689 lides'’
198 2645 235 2688 ns
257 2647 317 2689 non
335 2635 428 2699 esset,
453 2636 566 2690 temere
580 2629 669 2688 initae
692 2626 781 2688 valles
799 2645 816 2688 a
835 2589 1068 2688 coniectantibus

107 2714 167 2772 iter
186 2711 343 2774 faciebant.
381 2712 533 2774 biduum
524 2730 556 2773 m
576 2714 645 2790 iugo
662 2712 764 2772 stativa
784 2711 899 2784 habita,
921 2708 1097 2791 lessbqued

107 2795 212 2857 labore
225 2815 260 2858 ac
276 2795 436 2876 pugnando
450 2797 533 2876 quies
548 2796 615 2856 data
634 2793 790 2863 militibus;
811 2797 1000 2873 iumentaque
1014 2791 1066 2855 ali·

109 2887 196 2957 quot,
213 2899 287 2960 quac
302 2880 441 2960 prolapsa
454 2882 486 2941 in
509 2878 633 2960 rupibus
653 2885 751 2948 erant,
777 2876 926 2958 sequendo
945 2878 1067 2955 vestigia

110 2964 236 3038 agminis
254 2966 286 3023 in
307 2973 403 3024 eastra
422 2981 596 3044 pervenere.
630 2963 716 3023 sessis
737 2961 834 3023 taedio
856 2968 899 3023 tot
919 2960 1097 3022 malorumd

2 3055 18 3079 ‘⁸
109 3046 186 3104 nivis
201 3046 288 3106 etiam
302 3064 386 3108 casus
401 3048 552 3108 ooddente
565 3048 624 3108 iam
640 3047 737 3107 sidere
751 3045 949 3122 Vergiliarum
960 3045 1064 3120 ingen·

111 3139 171 3189 tem
187 3134 332 3188 terrorem
347 3130 462 3191 adiecit.
491 3149 546 3208 per
566 3131 666 3190 omnia
680 3131 746 3190 ulva
762 3128 879 3207 oppleta
895 3143 962 3188 eum
976 3128 1068 3203 signis
1079 3135 1095 3154 ”

109 3212 207 3291 prima
219 3211 286 3271 luce
297 3213 385 3275 motis
399 3214 530 3290 segniter
542 3231 648 3291 agmen
662 3210 829 3282 incederet,
848 3210 1023 3290 pigritiaque
1038 3225 1067 3268 et

110 3295 277 3374 desperatio
293 3296 325 3355 in
342 3296 473 3356 omnium
493 3295 573 3357 vultu
593 3297 753 3366 emineret,
778 3312 969 3375 praegressus
984 3294 1094 3370 sigm8

8 3405 10 3410 ·
108 3377 256 3443 Hannibal
269 3380 307 3439 in¹
315 3381 521 3458 promunturio
533 3378 674 3459 quodam,
693 3379 770 3439 unde
782 3379 868 3456 longe
884 3376 983 3438 aelate
997 3393 1065 3454 pro·

108 3471 228 3546 spectus
249 3470 328 3535 erat,
351 3463 512 3524 consistere
531 3463 618 3523 iussis
640 3459 780 3522 militibus
805 3461 916 3523 ltaliam
939 3465 1066 3522 omentat
