2546 3936
337 203 432 246 umen
446 205 489 246 11.
502 135 571 246 can.
587 190 630 244 le.
647 167 691 244 14.ἱ
706 181 745 266 [a.
760 185 794 248 0.
804 165 871 269 '3201
1022 191 1084 256 tot

120 353 206 416 iuriis
227 358 256 412 et
275 349 342 412 odio
361 369 448 430 quam
468 349 612 410 beneficio
634 349 695 411 ullo
715 351 817 432 populi
837 353 973 414 Romani.
1016 361 1113 414 namt

121 438 268 500 Samnites
294 451 329 495 ea
347 441 523 513 tempestate
547 436 579 494 in
600 434 751 496 montibus
778 437 891 496 vicatim
919 435 1086 497 habitantes

121 519 297 597 campestria
311 525 342 578 et
359 517 506 579 maritima
524 517 589 578 loca
601 525 770 598 contempto
787 519 935 581 cultorum
948 519 1085 581 molliore

120 611 222 685 etque,
238 610 272 662 ut
286 603 383 662 evenit
397 602 475 672 iere,
496 599 569 662 locis
585 601 674 663 simili
695 620 805 680 genere
820 605 878 682 ipsi
891 604 1026 664 montani
1041 610 1085 662 at-

121 705 180 768 quc
197 692 328 764 agrestes
344 684 607 768 depopulabantur.
642 687 815 765 quaeregio
831 689 855 746 si
871 687 928 747 lida
945 686 1114 746 Samniti-8

120 769 178 832 bus
197 770 314 840 luisset,
338 777 389 830 aut
405 771 560 848 pervenire
578 771 674 849 Arpos
696 773 843 832 exercitus
857 769 1007 830 Romanus
1032 787 1085 830 ne-

121 855 248 934 quisset,
266 861 315 914 aut
336 854 491 914 interiecta
511 854 589 913 inter
603 853 727 914 Romam
743 861 774 914 et
788 855 883 934 Arpos
896 854 1022 933 penuria
1036 872 1084 913 re·

119 955 190 998 rum
205 939 337 998 omnium
354 936 488 998 exclusos
507 953 524 996 a
540 937 751 998 commeatibus
766 937 986 1017 absumpsisset.
1019 940 1112 997 tome

121 1039 239 1102 quoque
253 1020 403 1101 proiectos
416 1020 486 1081 inde
502 1019 539 1081 ad
556 1021 726 1092 Luceriam,
749 1023 829 1083 iuxta
845 1021 1014 1083 obsidentes
1032 1019 1086 1081 ob-

121 1123 294 1184 sessosque,
310 1105 408 1184 inopia
419 1105 541 1165 vexavit.
567 1106 666 1165 omnia
676 1104 713 1165 ab
725 1105 812 1184 Arpis
823 1105 963 1166 Romanis
977 1122 1086 1183 suppe-

122 1187 301 1257 ditabantur,
317 1196 449 1248 ceterum
466 1186 539 1248 adeo
552 1191 665 1266 exigue,
681 1197 714 1248 ut
727 1189 814 1250 militi
828 1196 970 1268 occupato
984 1189 1085 1248 statio·

120 1273 208 1334 nibus
221 1271 385 1351 vigiliisque
401 1279 429 1331 et
445 1289 535 1350 opere
547 1289 638 1350 eques
652 1270 789 1332 folliculis
798 1274 830 1332 in
845 1281 940 1333 castra
953 1271 989 1332 ab
1000 1272 1087 1350 Arpis

39 1353 43 1358 ’
120 1356 304 1417 frumentum
318 1355 454 1424 veheret,
474 1354 624 1415 interdum
644 1373 768 1416 occursu
785 1355 913 1416 lmstium
928 1362 1085 1432 cogeretur
1096 1359 1130 1412 10

122 1439 237 1501 abiecto
255 1457 291 1499 cx
302 1457 379 1518 equo
395 1438 544 1498 frumento
559 1455 702 1518 pugnare.
737 1438 865 1500 obsessis
882 1440 981 1518 prius,
997 1455 1086 1517 quam

121 1523 197 1584 alter
206 1522 308 1585 consol
320 1525 430 1584 victore
442 1522 573 1583 exercitu
583 1523 708 1592 advenit,
721 1530 751 1582 et
759 1531 940 1584 commeatus
952 1540 989 1583 ex
999 1538 1085 1582 mon·

121 1607 201 1668 tibus
216 1607 390 1667 Samnitium
405 1607 511 1679 invecti
523 1613 608 1666 erant
622 1614 651 1668 et
661 1605 767 1668 auxilia
782 1609 960 1668 intromissa.
977 1607 1087 1666 artiora
1096 1609 1127 1662 11

122 1689 575 1762 omniaadventusPubliliilecit,
590 1692 640 1770 qui
648 1689 800 1752 obsidione
807 1690 977 1769 delegatain
984 1707 1087 1750 curam

124 1774 256 1852 collegae
266 1792 356 1852 vagus
367 1791 421 1853 per
434 1791 522 1852 agros
536 1781 642 1836 cuncta
649 1776 755 1836 intesta
767 1775 978 1836 commeatibus
994 1773 1087 1834 hosti·

122 1857 305 1920 umlccerat:
321 1859 421 1937 itaque
440 1875 507 1918 cum
519 1876 587 1936 spes
601 1857 679 1918 nulla
687 1866 765 1918 esset
771 1858 879 1920 diutius
889 1858 1025 1920 obsessos
1040 1859 1084 1918 in·
1097 1860 1130 1914 12

124 1939 348 2020 apiamlaturos,
361 1942 614 2012 coactiSamnites,
629 1943 679 2021 qui
686 1942 721 2003 ad
727 1942 882 2003 Luceriam
890 1950 985 2002 castra
995 1939 1087 2002 habe·

121 2024 202 2095 bant,
210 2025 338 2103 undique
350 2027 507 2086 contractis
517 2025 628 2085 viribus
640 2026 722 2102 signa
736 2043 803 2086 cum
810 2025 927 2104 Papirio
940 2025 1087 2086 conterre.

183 2108 257 2170 XIV.
289 2110 347 2170 Per
366 2108 397 2168 id
425 2115 542 2187 tempus
567 2107 799 2188 parantibusque
824 2109 957 2188 utrisque
988 2125 1020 2168 se
1050 2104 1115 2168 adl

122 2191 269 2274 proelium
290 2190 381 2270 legati
392 2192 545 2252 Tarentini
566 2193 767 2252 interveniunt
783 2191 991 2252 denuntiantes
1003 2191 1087 2252 Sam·

123 2275 234 2340 uitihus
248 2275 461 2354 Romanisque,
478 2281 512 2336 ut
526 2273 637 2335 bellum
653 2277 838 2336 omitterent:
859 2293 914 2354 per
929 2283 1012 2335 utros
1027 2281 1086 2334 ste·
1134 2305 1138 2310 -

124 2361 221 2431 risset,
240 2379 298 2439 quo
313 2360 411 2420 minus
427 2358 629 2425 discederetur
644 2358 680 2418 ab
698 2361 800 2429 armis,
824 2359 964 2420 adversus
985 2375 1036 2418 eos
1051 2375 1084 2418 se

122 2459 178 2525 pro
193 2443 294 2505 alteris
308 2450 500 2522 pugnaturos,
528 2459 563 2502 ea
582 2440 730 2520 legatione
745 2442 881 2521 Papirius
904 2441 1002 2502 audita
1019 2459 1087 2520 per·
1100 2445 1117 2496 2

122 2527 194 2588 inde
220 2545 254 2588 ac
280 2533 378 2588 motus
402 2525 487 2586 dictis
514 2544 617 2586 eorum
642 2544 709 2586 cum
732 2525 845 2604 collega
870 2543 902 2586 se
923 2527 1089 2587 communi·
1200 2521 1203 2528 ’

83 2613 86 2616 ’
125 2617 260 2672 caturum
279 2609 446 2688 respondit,
467 2611 620 2689 accitoque
641 2626 691 2680 co,
714 2628 781 2670 cum
801 2617 919 2688 tempus
945 2627 1033 2670 omne
1057 2611 1089 2668 iu

124 2701 267 2773 apparatu
287 2710 404 2773 pugnae
434 2695 678 2772 consumpsisset,
702 2692 875 2754 conlocutus
897 2691 934 2752 de
955 2711 989 2753 re
1008 2690 1088 2753 haud

124 2777 228 2848 dubia,
247 2779 364 2855 signum
378 2793 495 2855 pugnae
510 2777 672 2856 proposuit.
701 2777 854 2854 agentibus
871 2776 970 2838 divina
983 2776 1117 2837 huma-3

71 2857 74 2862 '
124 2878 236 2939 neque,
261 2878 336 2940 quae
350 2858 497 2929 adsolent,
520 2877 587 2920 cum
607 2861 670 2920 acie
688 2860 887 2923 dimicandum
900 2868 959 2930 est,
981 2879 1088 2922 consu-

124 2941 203 3002 libus
225 2943 379 3004 Tarentini
400 2941 489 3021 legati
512 2958 670 3006 occursare
691 2963 867 3025 responsum
888 2943 1086 3022 expectantes,

126 3024 233 3104 quibus
253 3025 387 3104 Papirius
410 3027 464 3087 ait:
496 3029 653 3106 „auspicia
669 3028 799 3090 secunda
820 3047 902 3097 esse,
923 3025 1115 3095 Tarentinis

125 3106 269 3190 pullarius
279 3110 408 3181 nuntiat,
424 3109 539 3170 litatum
549 3117 704 3188 praeterea
716 3119 761 3169 est
771 3113 905 3188 egregie:
919 3108 1090 3169 auctoribus

126 3192 197 3262 diis,
217 3191 381 3262 utvidctis,
401 3193 518 3254 adrem
538 3193 700 3270 gerendam
725 3193 973 3271 proficiscimur.“
1005 3193 1117 3268 signat

94 3321 95 3325 ,
123 3275 195 3337 inde
218 3277 291 3337 lcrri
309 3277 394 3342 iussit
414 3284 444 3337 ct
463 3278 562 3355 copias
584 3276 699 3345 eduxit,
722 3277 909 3336 vanissimam
931 3275 1090 3353 increpans

125 3367 260 3439 gentem,
281 3377 371 3440 quae,
398 3377 518 3422 suarum
538 3361 676 3439 inpotens
696 3376 796 3420 rerum
824 3376 896 3438 prae
921 3357 1090 3418 domesticis

126 3444 321 3506 seditionibus
327 3443 555 3525 ducendisque,
566 3443 630 3506 aliis
643 3443 769 3505 modum.
776 3445 858 3524 pacis
865 3461 899 3504 ac
911 3440 982 3504 belli
991 3440 1091 3502 lacere
