<?xml version="1.0" encoding="UTF-8"?>
<!DOCTYPE html PUBLIC "-//W3C//DTD XHTML 1.0 Transitional//EN"
    "http://www.w3.org/TR/xhtml1/DTD/xhtml1-transitional.dtd">
<html xmlns="http://www.w3.org/1999/xhtml" xml:lang="en" lang="en">
 <head>
  <title>
</title>
<meta http-equiv="Content-Type" content="text/html;charset=utf-8" />
  <meta name='ocr-system' content='tesseract 3.04.00' />
  <meta name='ocr-capabilities' content='ocr_page ocr_carea ocr_par ocr_line ocrx_word'/>
</head>
<body>
  <div class='ocr_page' id='page_1' title='image "./aburbeconditali08livygoog_0472.png"; bbox 0 0 2542 3956; ppageno 0'>
   <div class='ocr_carea' id='block_1_1' title="bbox 207 204 996 288">
    <p class='ocr_par' dir='ltr' id='par_1_1' title="bbox 207 204 996 288">
     <span class='ocr_line' id='line_1_1' title="bbox 207 204 996 288; baseline -0.016 -13"><span class='ocrx_word' id='word_1_1' title='bbox 207 212 269 276; x_wconf 79' lang='lat'>334</span> <span class='ocrx_word' id='word_1_2' title='bbox 374 226 466 268; x_wconf 71' lang='lat' dir='ltr'>amno</span> <span class='ocrx_word' id='word_1_3' title='bbox 481 223 571 268; x_wconf 81' lang='lat' dir='ltr'>mn.</span> <span class='ocrx_word' id='word_1_4' title='bbox 589 227 655 268; x_wconf 78' lang='lat' dir='ltr'>oar.</span> <span class='ocrx_word' id='word_1_5' title='bbox 673 213 715 266; x_wconf 80' lang='lat' dir='ltr'>lt.</span> <span class='ocrx_word' id='word_1_6' title='bbox 731 214 772 268; x_wconf 83' lang='lat' dir='ltr'>ic.</span> <span class='ocrx_word' id='word_1_7' title='bbox 789 205 829 288; x_wconf 86' lang='lat' dir='ltr'>[c.</span> <span class='ocrx_word' id='word_1_8' title='bbox 844 229 875 269; x_wconf 83' lang='lat' dir='ltr'>n.</span> <span class='ocrx_word' id='word_1_9' title='bbox 890 229 917 269; x_wconf 87' lang='lat' dir='ltr'>c.</span> <span class='ocrx_word' id='word_1_10' title='bbox 932 204 996 288; x_wconf 77' lang='lat'><strong>538]</strong></span> 
     </span>
    </p>
   </div>
   <div class='ocr_carea' id='block_1_2' title="bbox 164 365 1173 1875">
    <p class='ocr_par' dir='ltr' id='par_1_2' title="bbox 164 365 1173 1875">
     <span class='ocr_line' id='line_1_2' title="bbox 206 365 1173 452; baseline 0.002 -17"><span class='ocrx_word' id='word_1_11' title='bbox 206 382 300 436; x_wconf 88' lang='lat' dir='ltr'>macte</span> <span class='ocrx_word' id='word_1_12' title='bbox 319 375 426 434; x_wconf 79' lang='lat' dir='ltr'>virtute</span> <span class='ocrx_word' id='word_1_13' title='bbox 445 381 534 433; x_wconf 84' lang='lat' dir='ltr'>est0“</span> <span class='ocrx_word' id='word_1_14' title='bbox 554 375 662 452; x_wconf 92' lang='lat' dir='ltr'>inquit,</span> <span class='ocrx_word' id='word_1_15' title='bbox 683 420 702 443; x_wconf 99' lang='lat'><strong>„</strong></span> <span class='ocrx_word' id='word_1_16' title='bbox 710 365 787 452; x_wconf 78' lang='lat' dir='ltr'>apud</span> <span class='ocrx_word' id='word_1_17' title='bbox 808 391 855 433; x_wconf 91' lang='lat' dir='ltr'>me</span> <span class='ocrx_word' id='word_1_18' title='bbox 880 374 934 434; x_wconf 91' lang='lat' dir='ltr'>tibi</span> <span class='ocrx_word' id='word_1_19' title='bbox 951 374 1046 434; x_wconf 89' lang='lat' dir='ltr'>omnis</span> <span class='ocrx_word' id='word_1_20' title='bbox 1069 373 1173 438; x_wconf 77' lang='lat' dir='ltr'>bonus</span> 
     </span>
     <span class='ocr_line' id='line_1_3' title="bbox 207 456 1168 538; baseline 0 -19"><span class='ocrx_word' id='word_1_21' title='bbox 207 465 293 538; x_wconf 88' lang='lat' dir='ltr'>atque</span> <span class='ocrx_word' id='word_1_22' title='bbox 315 476 403 518; x_wconf 89' lang='lat' dir='ltr'>omne</span> <span class='ocrx_word' id='word_1_23' title='bbox 430 459 594 537; x_wconf 87' lang='lat' dir='ltr'>praemium</span> <span class='ocrx_word' id='word_1_24' title='bbox 615 458 685 524; x_wconf 92' lang='lat' dir='ltr'>erit,</span> <span class='ocrx_word' id='word_1_25' title='bbox 708 466 737 516; x_wconf 89' lang='lat' dir='ltr'>et</span> <span class='ocrx_word' id='word_1_26' title='bbox 758 475 816 536; x_wconf 88' lang='lat' dir='ltr'>quc</span> <span class='ocrx_word' id='word_1_27' title='bbox 834 456 1019 536; x_wconf 80' lang='lat' dir='ltr'>frequentior</span> <span class='ocrx_word' id='word_1_28' title='bbox 1046 476 1168 519; x_wconf 90' lang='lat' dir='ltr'>mecum</span> 
     </span>
     <span class='ocr_line' id='line_1_4' title="bbox 205 539 1169 620; baseline 0 -18"><span class='ocrx_word' id='word_1_29' title='bbox 205 542 311 612; x_wconf 84' lang='lat' dir='ltr'>lucris,</span> <span class='ocrx_word' id='word_1_30' title='bbox 334 543 443 601; x_wconf 89' lang='lat' dir='ltr'>senties</span> <span class='ocrx_word' id='word_1_31' title='bbox 463 559 527 601; x_wconf 89' lang='lat' dir='ltr'>earn</span> <span class='ocrx_word' id='word_1_32' title='bbox 548 558 612 600; x_wconf 88' lang='lat' dir='ltr'>rem</span> <span class='ocrx_word' id='word_1_33' title='bbox 632 539 688 599; x_wconf 91' lang='lat' dir='ltr'>tlbi</span> <span class='ocrx_word' id='word_1_34' title='bbox 708 539 841 617; x_wconf 82' lang='lat' dir='ltr'>dignitati</span> <span class='ocrx_word' id='word_1_35' title='bbox 856 548 944 620; x_wconf 86' lang='lat' dir='ltr'>atque</span> <span class='ocrx_word' id='word_1_36' title='bbox 965 539 1169 602; x_wconf 88' lang='lat' dir='ltr'>emolumento</span> 
     </span>
     <span class='ocr_line' id='line_1_5' title="bbox 164 624 1165 705; baseline 0.003 -22"><span class='ocrx_word' id='word_1_37' title='bbox 164 632 196 683; x_wconf 80' lang='lat' dir='ltr'>lb</span> <span class='ocrx_word' id='word_1_38' title='bbox 209 633 312 686; x_wconf 85' lang='lat' dir='ltr'>esse“:</span> <span class='ocrx_word' id='word_1_39' title='bbox 324 624 459 705; x_wconf 89' lang='lat' dir='ltr'>laetoque</span> <span class='ocrx_word' id='word_1_40' title='bbox 469 625 566 685; x_wconf 86' lang='lat' dir='ltr'>iuveni</span> <span class='ocrx_word' id='word_1_41' title='bbox 580 624 732 702; x_wconf 84' lang='lat' dir='ltr'>promissis</span> <span class='ocrx_word' id='word_1_42' title='bbox 744 641 850 703; x_wconf 90' lang='lat' dir='ltr'>equom</span> <span class='ocrx_word' id='word_1_43' title='bbox 862 625 1002 685; x_wconf 83' lang='lat' dir='ltr'>eximium</span> <span class='ocrx_word' id='word_1_44' title='bbox 1013 624 1092 685; x_wconf 88' lang='lat' dir='ltr'>done</span> <span class='ocrx_word' id='word_1_45' title='bbox 1104 625 1165 697; x_wconf 86' lang='lat' dir='ltr'>dat,</span> 
     </span>
     <span class='ocr_line' id='line_1_6' title="bbox 207 706 1165 790; baseline -0.002 -20"><span class='ocrx_word' id='word_1_46' title='bbox 207 709 379 790; x_wconf 82' lang='lat' dir='ltr'>bigatosque</span> <span class='ocrx_word' id='word_1_47' title='bbox 397 711 573 788; x_wconf 86' lang='lat' dir='ltr'>quingentos</span> <span class='ocrx_word' id='word_1_48' title='bbox 587 714 774 788; x_wconf 84' lang='lat' dir='ltr'>quaestorem</span> <span class='ocrx_word' id='word_1_49' title='bbox 792 725 950 768; x_wconf 90' lang='lat' dir='ltr'>numerare</span> <span class='ocrx_word' id='word_1_50' title='bbox 965 706 1063 776; x_wconf 81' lang='lat' dir='ltr'>iubet:</span> <span class='ocrx_word' id='word_1_51' title='bbox 1079 707 1165 768; x_wconf 90' lang='lat' dir='ltr'>licto·</span> 
     </span>
     <span class='ocr_line' id='line_1_7' title="bbox 205 789 1164 873; baseline 0.001 -21"><span class='ocrx_word' id='word_1_52' title='bbox 205 791 288 854; x_wconf 89' lang='lat' dir='ltr'>ribus</span> <span class='ocrx_word' id='word_1_53' title='bbox 303 796 442 873; x_wconf 89' lang='lat' dir='ltr'>imperat,</span> <span class='ocrx_word' id='word_1_54' title='bbox 458 801 492 852; x_wconf 91' lang='lat' dir='ltr'>ut</span> <span class='ocrx_word' id='word_1_55' title='bbox 505 810 572 852; x_wconf 90' lang='lat' dir='ltr'>eum</span> <span class='ocrx_word' id='word_1_56' title='bbox 589 811 620 852; x_wconf 90' lang='lat' dir='ltr'>se</span> <span class='ocrx_word' id='word_1_57' title='bbox 636 791 734 860; x_wconf 88' lang='lat' dir='ltr'>adire,</span> <span class='ocrx_word' id='word_1_58' title='bbox 749 792 885 870; x_wconf 89' lang='lat' dir='ltr'>quotiens</span> <span class='ocrx_word' id='word_1_59' title='bbox 901 789 986 859; x_wconf 85' lang='lat' dir='ltr'>velit,</span> <span class='ocrx_word' id='word_1_60' title='bbox 1005 793 1164 870; x_wconf 89' lang='lat' dir='ltr'>patiantur.</span> 
     </span>
     <span class='ocr_line' id='line_1_8' title="bbox 180 873 1166 938; baseline 0.003 -4"><span class='ocrx_word' id='word_1_61' title='bbox 180 877 280 938; x_wconf 88' lang='lat' dir='ltr'>1XVl.</span> <span class='ocrx_word' id='word_1_62' title='bbox 317 878 380 938; x_wconf 89' lang='lat' dir='ltr'>llac</span> <span class='ocrx_word' id='word_1_63' title='bbox 402 878 538 938; x_wconf 88' lang='lat' dir='ltr'>comitate</span> <span class='ocrx_word' id='word_1_64' title='bbox 560 873 691 936; x_wconf 80' lang='lat' dir='ltr'>Marcelli</span> <span class='ocrx_word' id='word_1_65' title='bbox 711 875 818 936; x_wconf 78' lang='lat' dir='ltr'>ferocis</span> <span class='ocrx_word' id='word_1_66' title='bbox 834 876 947 935; x_wconf 84' lang='lat' dir='ltr'>iuvenis</span> <span class='ocrx_word' id='word_1_67' title='bbox 962 874 1079 936; x_wconf 91' lang='lat' dir='ltr'>animus</span> <span class='ocrx_word' id='word_1_68' title='bbox 1090 875 1166 937; x_wconf 86' lang='lat' dir='ltr'>adeo</span> 
     </span>
     <span class='ocr_line' id='line_1_9' title="bbox 208 958 1164 1030; baseline -0.003 -9"><span class='ocrx_word' id='word_1_69' title='bbox 208 968 253 1025; x_wconf 88' lang='lat' dir='ltr'>est</span> <span class='ocrx_word' id='word_1_70' title='bbox 268 960 410 1030; x_wconf 87' lang='lat' dir='ltr'>mollitus,</span> <span class='ocrx_word' id='word_1_71' title='bbox 440 967 473 1020; x_wconf 87' lang='lat' dir='ltr'>ut</span> <span class='ocrx_word' id='word_1_72' title='bbox 487 977 574 1018; x_wconf 89' lang='lat' dir='ltr'>nemo</span> <span class='ocrx_word' id='word_1_73' title='bbox 595 959 665 1019; x_wconf 92' lang='lat' dir='ltr'>inde</span> <span class='ocrx_word' id='word_1_74' title='bbox 680 960 828 1020; x_wconf 89' lang='lat' dir='ltr'>sociorum</span> <span class='ocrx_word' id='word_1_75' title='bbox 842 977 907 1019; x_wconf 91' lang='lat' dir='ltr'>rem</span> <span class='ocrx_word' id='word_1_76' title='bbox 922 958 1085 1020; x_wconf 82' lang='lat' dir='ltr'>Romanam</span> <span class='ocrx_word' id='word_1_77' title='bbox 1101 959 1164 1018; x_wconf 89' lang='lat' dir='ltr'>ior·</span> 
     </span>
     <span class='ocr_line' id='line_1_10' title="bbox 179 1041 1166 1121; baseline 0.003 -21"><span class='ocrx_word' id='word_1_78' title='bbox 179 1045 263 1104; x_wconf 75' lang='lat' dir='ltr'>ttius</span> <span class='ocrx_word' id='word_1_79' title='bbox 283 1063 317 1106; x_wconf 92' lang='lat' dir='ltr'>ac</span> <span class='ocrx_word' id='word_1_80' title='bbox 343 1043 457 1104; x_wconf 87' lang='lat' dir='ltr'>fidelius</span> <span class='ocrx_word' id='word_1_81' title='bbox 481 1043 599 1114; x_wconf 89' lang='lat' dir='ltr'>iuverit,</span> <span class='ocrx_word' id='word_1_82' title='bbox 633 1060 699 1102; x_wconf 90' lang='lat' dir='ltr'>cum</span> <span class='ocrx_word' id='word_1_83' title='bbox 721 1041 866 1104; x_wconf 87' lang='lat' dir='ltr'>Hannibal</span> <span class='ocrx_word' id='word_1_84' title='bbox 895 1042 932 1102; x_wconf 87' lang='lat' dir='ltr'>ad</span> <span class='ocrx_word' id='word_1_85' title='bbox 959 1050 1062 1121; x_wconf 90' lang='lat' dir='ltr'>portas</span> <span class='ocrx_word' id='word_1_86' title='bbox 1088 1051 1166 1103; x_wconf 88' lang='lat' dir='ltr'>esset</span> 
     </span>
     <span class='ocr_line' id='line_1_11' title="bbox 209 1124 1165 1205; baseline -0.003 -16"><span class='ocrx_word' id='word_1_87' title='bbox 209 1161 243 1173; x_wconf 92' lang='lat'>-</span> <span class='ocrx_word' id='word_1_88' title='bbox 261 1126 365 1189; x_wconf 88' lang='lat' dir='ltr'>Nolam</span> <span class='ocrx_word' id='word_1_89' title='bbox 380 1129 459 1187; x_wconf 88' lang='lat' dir='ltr'>enim</span> <span class='ocrx_word' id='word_1_90' title='bbox 477 1144 579 1186; x_wconf 90' lang='lat' dir='ltr'>rursus</span> <span class='ocrx_word' id='word_1_91' title='bbox 594 1145 611 1187; x_wconf 88' lang='lat' dir='ltr'>a</span> <span class='ocrx_word' id='word_1_92' title='bbox 626 1125 753 1188; x_wconf 87' lang='lat' dir='ltr'>Nuceria</span> <span class='ocrx_word' id='word_1_93' title='bbox 766 1127 858 1186; x_wconf 87' lang='lat' dir='ltr'>movit</span> <span class='ocrx_word' id='word_1_94' title='bbox 877 1133 973 1186; x_wconf 90' lang='lat' dir='ltr'>castra</span> <span class='ocrx_word' id='word_1_95' title='bbox 987 1161 1031 1174; x_wconf 82' lang='lat'>-</span> <span class='ocrx_word' id='word_1_96' title='bbox 1047 1124 1165 1205; x_wconf 87' lang='lat' dir='ltr'>plebes·</span> 
     </span>
     <span class='ocr_line' id='line_1_12' title="bbox 207 1209 1009 1290; baseline -0.001 -19"><span class='ocrx_word' id='word_1_97' title='bbox 207 1229 265 1290; x_wconf 89' lang='lat' dir='ltr'>que</span> <span class='ocrx_word' id='word_1_98' title='bbox 278 1210 390 1272; x_wconf 88' lang='lat' dir='ltr'>Nolana</span> <span class='ocrx_word' id='word_1_99' title='bbox 404 1210 441 1271; x_wconf 92' lang='lat' dir='ltr'>de</span> <span class='ocrx_word' id='word_1_100' title='bbox 456 1212 571 1287; x_wconf 86' lang='lat' dir='ltr'>integro</span> <span class='ocrx_word' id='word_1_101' title='bbox 588 1210 624 1271; x_wconf 88' lang='lat' dir='ltr'>ad</span> <span class='ocrx_word' id='word_1_102' title='bbox 640 1209 835 1270; x_wconf 89' lang='lat' dir='ltr'>defectionem</span> <span class='ocrx_word' id='word_1_103' title='bbox 852 1217 1009 1289; x_wconf 85' lang='lat' dir='ltr'>spectaret.</span> 
     </span>
     <span class='ocr_line' id='line_1_13' title="bbox 180 1293 1165 1356; baseline 0.002 -4"><span class='ocrx_word' id='word_1_104' title='bbox 180 1300 196 1352; x_wconf 84' lang='grc'>3</span> <span class='ocrx_word' id='word_1_105' title='bbox 268 1293 423 1356; x_wconf 87' lang='lat' dir='ltr'>Marcellus</span> <span class='ocrx_word' id='word_1_106' title='bbox 437 1295 491 1356; x_wconf 93' lang='lat' dir='ltr'>sub</span> <span class='ocrx_word' id='word_1_107' title='bbox 508 1293 664 1354; x_wconf 86' lang='lat' dir='ltr'>adventum</span> <span class='ocrx_word' id='word_1_108' title='bbox 680 1294 808 1355; x_wconf 88' lang='lat' dir='ltr'>hostiurn</span> <span class='ocrx_word' id='word_1_109' title='bbox 823 1295 901 1354; x_wconf 86' lang='lat' dir='ltr'>intra</span> <span class='ocrx_word' id='word_1_110' title='bbox 916 1311 1018 1354; x_wconf 89' lang='lat' dir='ltr'>muros</span> <span class='ocrx_word' id='word_1_111' title='bbox 1033 1311 1067 1354; x_wconf 91' lang='lat' dir='ltr'>se</span> <span class='ocrx_word' id='word_1_112' title='bbox 1082 1312 1165 1355; x_wconf 89' lang='lat' dir='ltr'>rece·</span> 
     </span>
     <span class='ocr_line' id='line_1_14' title="bbox 205 1377 1165 1459; baseline 0.001 -21"><span class='ocrx_word' id='word_1_113' title='bbox 205 1381 261 1459; x_wconf 89' lang='lat' dir='ltr'>pit,</span> <span class='ocrx_word' id='word_1_114' title='bbox 279 1397 338 1440; x_wconf 94' lang='lat' dir='ltr'>non</span> <span class='ocrx_word' id='word_1_115' title='bbox 355 1381 457 1440; x_wconf 88' lang='lat' dir='ltr'>castris</span> <span class='ocrx_word' id='word_1_116' title='bbox 471 1385 619 1448; x_wconf 86' lang='lat' dir='ltr'>metuens,</span> <span class='ocrx_word' id='word_1_117' title='bbox 636 1378 688 1438; x_wconf 90' lang='lat' dir='ltr'>sed</span> <span class='ocrx_word' id='word_1_118' title='bbox 702 1395 739 1438; x_wconf 90' lang='lat' dir='ltr'>ne</span> <span class='ocrx_word' id='word_1_119' title='bbox 753 1377 923 1456; x_wconf 83' lang='lat' dir='ltr'>prodendae</span> <span class='ocrx_word' id='word_1_120' title='bbox 937 1377 1022 1438; x_wconf 90' lang='lat' dir='ltr'>urbis</span> <span class='ocrx_word' id='word_1_121' title='bbox 1033 1380 1165 1439; x_wconf 89' lang='lat' dir='ltr'>occasio·</span> 
     </span>
     <span class='ocr_line' id='line_1_15' title="bbox 178 1461 1166 1525; baseline 0.004 -5"><span class='ocrx_word' id='word_1_122' title='bbox 178 1471 195 1518; x_wconf 85' lang='grc'><strong>4</strong></span> <span class='ocrx_word' id='word_1_123' title='bbox 207 1481 274 1523; x_wconf 91' lang='lat' dir='ltr'>nem</span> <span class='ocrx_word' id='word_1_124' title='bbox 287 1465 374 1525; x_wconf 90' lang='lat' dir='ltr'>nimis</span> <span class='ocrx_word' id='word_1_125' title='bbox 380 1463 480 1524; x_wconf 90' lang='lat' dir='ltr'>multis</span> <span class='ocrx_word' id='word_1_126' title='bbox 489 1464 519 1523; x_wconf 93' lang='lat' dir='ltr'>in</span> <span class='ocrx_word' id='word_1_127' title='bbox 533 1462 815 1522; x_wconf 87' lang='lat' dir='ltr'>euminminentibns</span> <span class='ocrx_word' id='word_1_128' title='bbox 826 1462 917 1522; x_wconf 87' lang='lat' dir='ltr'>daret.</span> <span class='ocrx_word' id='word_1_129' title='bbox 938 1463 1046 1522; x_wconf 89' lang='lat' dir='ltr'>instrui</span> <span class='ocrx_word' id='word_1_130' title='bbox 1058 1461 1166 1525; x_wconf 83' lang='lat' dir='ltr'>deindo</span> 
     </span>
     <span class='ocr_line' id='line_1_16' title="bbox 206 1544 1164 1627; baseline 0 -21"><span class='ocrx_word' id='word_1_131' title='bbox 206 1549 353 1626; x_wconf 88' lang='lat' dir='ltr'>utrimque</span> <span class='ocrx_word' id='word_1_132' title='bbox 367 1549 445 1608; x_wconf 88' lang='lat' dir='ltr'>acies</span> <span class='ocrx_word' id='word_1_133' title='bbox 460 1554 598 1627; x_wconf 89' lang='lat' dir='ltr'>coeptae,</span> <span class='ocrx_word' id='word_1_134' title='bbox 614 1546 814 1606; x_wconf 86' lang='lat' dir='ltr'>Romanorum</span> <span class='ocrx_word' id='word_1_135' title='bbox 830 1563 885 1624; x_wconf 90' lang='lat' dir='ltr'>pro</span> <span class='ocrx_word' id='word_1_136' title='bbox 897 1544 1053 1606; x_wconf 89' lang='lat' dir='ltr'>moenibus</span> <span class='ocrx_word' id='word_1_137' title='bbox 1063 1544 1164 1616; x_wconf 87' lang='lat' dir='ltr'>Nolae,</span> 
     </span>
     <span class='ocr_line' id='line_1_17' title="bbox 204 1628 1165 1709; baseline 0 -19"><span class='ocrx_word' id='word_1_138' title='bbox 204 1629 370 1690; x_wconf 89' lang='lat' dir='ltr'>Poenorum</span> <span class='ocrx_word' id='word_1_139' title='bbox 387 1639 455 1690; x_wconf 89' lang='lat' dir='ltr'>ante</span> <span class='ocrx_word' id='word_1_140' title='bbox 467 1638 561 1690; x_wconf 91' lang='lat' dir='ltr'>castra</span> <span class='ocrx_word' id='word_1_141' title='bbox 574 1648 635 1689; x_wconf 90' lang='lat' dir='ltr'>sua.</span> <span class='ocrx_word' id='word_1_142' title='bbox 661 1629 772 1709; x_wconf 90' lang='lat' dir='ltr'>proelia</span> <span class='ocrx_word' id='word_1_143' title='bbox 786 1630 855 1690; x_wconf 88' lang='lat' dir='ltr'>binc</span> <span class='ocrx_word' id='word_1_144' title='bbox 865 1648 954 1708; x_wconf 88' lang='lat' dir='ltr'>parva</span> <span class='ocrx_word' id='word_1_145' title='bbox 966 1629 1046 1689; x_wconf 90' lang='lat' dir='ltr'>inter</span> <span class='ocrx_word' id='word_1_146' title='bbox 1057 1628 1165 1690; x_wconf 87' lang='lat' dir='ltr'>urbem</span> 
     </span>
     <span class='ocr_line' id='line_1_18' title="bbox 206 1712 1163 1792; baseline 0.002 -20"><span class='ocrx_word' id='word_1_147' title='bbox 206 1720 359 1792; x_wconf 88' lang='lat' dir='ltr'>castraque</span> <span class='ocrx_word' id='word_1_148' title='bbox 374 1720 404 1772; x_wconf 91' lang='lat' dir='ltr'>et</span> <span class='ocrx_word' id='word_1_149' title='bbox 417 1715 497 1773; x_wconf 88' lang='lat' dir='ltr'>vario</span> <span class='ocrx_word' id='word_1_150' title='bbox 515 1715 621 1772; x_wconf 84' lang='lat' dir='ltr'>eventu</span> <span class='ocrx_word' id='word_1_151' title='bbox 635 1712 757 1783; x_wconf 86' lang='lat' dir='ltr'>fiebant,</span> <span class='ocrx_word' id='word_1_152' title='bbox 783 1714 851 1792; x_wconf 92' lang='lat' dir='ltr'>quia</span> <span class='ocrx_word' id='word_1_153' title='bbox 877 1713 966 1774; x_wconf 91' lang='lat' dir='ltr'>duces</span> <span class='ocrx_word' id='word_1_154' title='bbox 980 1731 1037 1772; x_wconf 92' lang='lat' dir='ltr'>uec</span> <span class='ocrx_word' id='word_1_155' title='bbox 1060 1713 1163 1792; x_wconf 90' lang='lat' dir='ltr'>probi·</span> 
     </span>
     <span class='ocr_line' id='line_1_19' title="bbox 203 1795 1164 1875; baseline 0.003 -20"><span class='ocrx_word' id='word_1_156' title='bbox 203 1795 276 1856; x_wconf 89' lang='lat' dir='ltr'>bere</span> <span class='ocrx_word' id='word_1_157' title='bbox 286 1814 396 1875; x_wconf 90' lang='lat' dir='ltr'>paucos</span> <span class='ocrx_word' id='word_1_158' title='bbox 407 1804 519 1856; x_wconf 88' lang='lat' dir='ltr'>temere</span> <span class='ocrx_word' id='word_1_159' title='bbox 531 1799 716 1874; x_wconf 88' lang='lat' dir='ltr'>provocantis</span> <span class='ocrx_word' id='word_1_160' title='bbox 731 1815 786 1856; x_wconf 91' lang='lat' dir='ltr'>nec</span> <span class='ocrx_word' id='word_1_161' title='bbox 797 1796 867 1856; x_wconf 90' lang='lat' dir='ltr'>dare</span> <span class='ocrx_word' id='word_1_162' title='bbox 879 1798 995 1874; x_wconf 90' lang='lat' dir='ltr'>signum</span> <span class='ocrx_word' id='word_1_163' title='bbox 1007 1798 1164 1858; x_wconf 87' lang='lat' dir='ltr'>universae</span> 
     </span>
    </p>
   </div>
   <div class='ocr_carea' id='block_1_3' title="bbox 174 1878 1251 1958">
    <p class='ocr_par' dir='ltr' id='par_1_3' title="bbox 174 1878 1251 1958">
     <span class='ocr_line' id='line_1_20' title="bbox 174 1878 1251 1958; baseline 0.002 -22"><span class='ocrx_word' id='word_1_164' title='bbox 174 1886 317 1958; x_wconf 74' lang='lat' dir='ltr'>opugnae</span> <span class='ocrx_word' id='word_1_165' title='bbox 338 1878 482 1942; x_wconf 87' lang='lat' dir='ltr'>volebant.</span> <span class='ocrx_word' id='word_1_166' title='bbox 523 1881 552 1939; x_wconf 90' lang='lat' dir='ltr'>in</span> <span class='ocrx_word' id='word_1_167' title='bbox 576 1879 631 1939; x_wconf 91' lang='lat' dir='ltr'>hac</span> <span class='ocrx_word' id='word_1_168' title='bbox 652 1880 798 1940; x_wconf 87' lang='lat' dir='ltr'>cotidiana</span> <span class='ocrx_word' id='word_1_169' title='bbox 826 1879 951 1940; x_wconf 89' lang='lat' dir='ltr'>duorum</span> <span class='ocrx_word' id='word_1_170' title='bbox 978 1882 1163 1942; x_wconf 88' lang='lat' dir='ltr'>exercituum</span> <span class='ocrx_word' id='word_1_171' title='bbox 1250 1883 1251 1938; x_wconf 87' lang='lat' dir='ltr'>l</span> 
     </span>
    </p>
   </div>
   <div class='ocr_carea' id='block_1_4' title="bbox 178 1962 1162 2126">
    <p class='ocr_par' dir='ltr' id='par_1_4' title="bbox 178 1962 1162 2126">
     <span class='ocr_line' id='line_1_21' title="bbox 204 1962 1162 2044; baseline 0.004 -20"><span class='ocrx_word' id='word_1_172' title='bbox 204 1965 329 2025; x_wconf 90' lang='lat' dir='ltr'>statione</span> <span class='ocrx_word' id='word_1_173' title='bbox 343 1965 491 2044; x_wconf 88' lang='lat' dir='ltr'>principes</span> <span class='ocrx_word' id='word_1_174' title='bbox 506 1963 687 2025; x_wconf 89' lang='lat' dir='ltr'>Nolanorum</span> <span class='ocrx_word' id='word_1_175' title='bbox 709 1965 846 2023; x_wconf 88' lang='lat' dir='ltr'>nuntiant</span> <span class='ocrx_word' id='word_1_176' title='bbox 859 1962 997 2024; x_wconf 86' lang='lat' dir='ltr'>Marcello</span> <span class='ocrx_word' id='word_1_177' title='bbox 1015 1971 1162 2028; x_wconf 87' lang='lat' dir='ltr'>nocturna</span> 
     </span>
     <span class='ocr_line' id='line_1_22' title="bbox 178 2046 1161 2126; baseline 0.004 -21"><span class='ocrx_word' id='word_1_178' title='bbox 178 2054 195 2105; x_wconf 82' lang='lat' dir='ltr'>n</span> <span class='ocrx_word' id='word_1_179' title='bbox 207 2046 444 2126; x_wconf 91' lang='lat' dir='ltr'>conloquiainter</span> <span class='ocrx_word' id='word_1_180' title='bbox 449 2047 566 2126; x_wconf 88' lang='lat' dir='ltr'>plebem</span> <span class='ocrx_word' id='word_1_181' title='bbox 577 2047 732 2106; x_wconf 88' lang='lat' dir='ltr'>aePoenos</span> <span class='ocrx_word' id='word_1_182' title='bbox 742 2047 815 2116; x_wconf 85' lang='lat' dir='ltr'>lieri,</span> <span class='ocrx_word' id='word_1_183' title='bbox 829 2053 1027 2126; x_wconf 88' lang='lat' dir='ltr'>statutumque</span> <span class='ocrx_word' id='word_1_184' title='bbox 1035 2065 1110 2118; x_wconf 90' lang='lat' dir='ltr'>esse,</span> <span class='ocrx_word' id='word_1_185' title='bbox 1122 2056 1161 2118; x_wconf 91' lang='lat' dir='ltr'>ut,</span> 
     </span>
    </p>
   </div>
   <div class='ocr_carea' id='block_1_5' title="bbox 174 2131 1251 2544">
    <p class='ocr_par' dir='ltr' id='par_1_5' title="bbox 174 2131 1251 2544">
     <span class='ocr_line' id='line_1_23' title="bbox 205 2131 1251 2210; baseline 0 -18"><span class='ocrx_word' id='word_1_186' title='bbox 205 2150 271 2192; x_wconf 92' lang='lat' dir='ltr'>cum</span> <span class='ocrx_word' id='word_1_187' title='bbox 278 2131 409 2191; x_wconf 86' lang='lat' dir='ltr'>Romana</span> <span class='ocrx_word' id='word_1_188' title='bbox 417 2133 619 2208; x_wconf 87' lang='lat' dir='ltr'>aclesegrcssa</span> <span class='ocrx_word' id='word_1_189' title='bbox 627 2131 721 2209; x_wconf 85' lang='lat' dir='ltr'>ponis</span> <span class='ocrx_word' id='word_1_190' title='bbox 733 2137 833 2202; x_wconf 90' lang='lat' dir='ltr'>staret,</span> <span class='ocrx_word' id='word_1_191' title='bbox 845 2131 1045 2210; x_wconf 88' lang='lat' dir='ltr'>inpedimenta</span> <span class='ocrx_word' id='word_1_192' title='bbox 1058 2149 1161 2192; x_wconf 88' lang='lat' dir='ltr'>eorum</span> <span class='ocrx_word' id='word_1_193' title='bbox 1250 2145 1251 2162; x_wconf 80' lang='lat'>³</span> 
     </span>
     <span class='ocr_line' id='line_1_24' title="bbox 203 2213 1251 2295; baseline -0.001 -20"><span class='ocrx_word' id='word_1_194' title='bbox 203 2233 238 2274; x_wconf 92' lang='lat' dir='ltr'>ac</span> <span class='ocrx_word' id='word_1_195' title='bbox 252 2215 381 2275; x_wconf 86' lang='lat' dir='ltr'>sarcinas</span> <span class='ocrx_word' id='word_1_196' title='bbox 393 2215 569 2292; x_wconf 84' lang='lat' dir='ltr'>diriperent,</span> <span class='ocrx_word' id='word_1_197' title='bbox 587 2213 758 2275; x_wconf 87' lang='lat' dir='ltr'>clauderent</span> <span class='ocrx_word' id='word_1_198' title='bbox 773 2213 879 2274; x_wconf 88' lang='lat' dir='ltr'>deinde</span> <span class='ocrx_word' id='word_1_199' title='bbox 890 2222 991 2293; x_wconf 90' lang='lat' dir='ltr'>portas</span> <span class='ocrx_word' id='word_1_200' title='bbox 1000 2232 1162 2295; x_wconf 85' lang='lat' dir='ltr'>murosque</span> <span class='ocrx_word' id='word_1_201' title='bbox 1250 2231 1251 2234; x_wconf 69' lang='grc'>’</span> 
     </span>
     <span class='ocr_line' id='line_1_25' title="bbox 204 2297 1161 2378; baseline -0.001 -19"><span class='ocrx_word' id='word_1_202' title='bbox 204 2306 389 2378; x_wconf 88' lang='lat' dir='ltr'>occuparent,</span> <span class='ocrx_word' id='word_1_203' title='bbox 403 2305 436 2358; x_wconf 89' lang='lat' dir='ltr'>ut</span> <span class='ocrx_word' id='word_1_204' title='bbox 444 2304 578 2377; x_wconf 90' lang='lat' dir='ltr'>potentes</span> <span class='ocrx_word' id='word_1_205' title='bbox 592 2316 693 2358; x_wconf 91' lang='lat' dir='ltr'>rerum</span> <span class='ocrx_word' id='word_1_206' title='bbox 705 2315 823 2358; x_wconf 88' lang='lat' dir='ltr'>suarum</span> <span class='ocrx_word' id='word_1_207' title='bbox 836 2305 922 2377; x_wconf 88' lang='lat' dir='ltr'>atque</span> <span class='ocrx_word' id='word_1_208' title='bbox 934 2297 1016 2359; x_wconf 92' lang='lat' dir='ltr'>urbis</span> <span class='ocrx_word' id='word_1_209' title='bbox 1027 2298 1161 2358; x_wconf 90' lang='lat' dir='ltr'>Poenum</span> 
     </span>
     <span class='ocr_line' id='line_1_26' title="bbox 174 2379 1251 2461; baseline 0.002 -24"><span class='ocrx_word' id='word_1_210' title='bbox 174 2382 271 2442; x_wconf 79' lang='lat' dir='ltr'>tinde</span> <span class='ocrx_word' id='word_1_211' title='bbox 286 2400 341 2460; x_wconf 92' lang='lat' dir='ltr'>pro</span> <span class='ocrx_word' id='word_1_212' title='bbox 356 2381 489 2443; x_wconf 84' lang='lat' dir='ltr'>Romano</span> <span class='ocrx_word' id='word_1_213' title='bbox 504 2383 681 2461; x_wconf 88' lang='lat' dir='ltr'>acciperent.</span> <span class='ocrx_word' id='word_1_214' title='bbox 714 2382 787 2442; x_wconf 90' lang='lat' dir='ltr'>haec</span> <span class='ocrx_word' id='word_1_215' title='bbox 802 2380 854 2441; x_wconf 90' lang='lat' dir='ltr'>ubi</span> <span class='ocrx_word' id='word_1_216' title='bbox 875 2383 1006 2442; x_wconf 86' lang='lat' dir='ltr'>nuntiata</span> <span class='ocrx_word' id='word_1_217' title='bbox 1020 2381 1163 2443; x_wconf 89' lang='lat' dir='ltr'>Marcello</span> <span class='ocrx_word' id='word_1_218' title='bbox 1250 2379 1251 2458; x_wconf 70' lang='lat' dir='ltr'>l</span> 
     </span>
     <span class='ocr_line' id='line_1_27' title="bbox 201 2463 1161 2544; baseline -0.002 -18"><span class='ocrx_word' id='word_1_219' title='bbox 201 2472 284 2536; x_wconf 88' lang='lat' dir='ltr'>sunt,</span> <span class='ocrx_word' id='word_1_220' title='bbox 310 2464 492 2526; x_wconf 89' lang='lat' dir='ltr'>conlaudatis</span> <span class='ocrx_word' id='word_1_221' title='bbox 516 2465 701 2526; x_wconf 88' lang='lat' dir='ltr'>senatoribus</span> <span class='ocrx_word' id='word_1_222' title='bbox 715 2463 849 2535; x_wconf 85' lang='lat' dir='ltr'>Nolanis,</span> <span class='ocrx_word' id='word_1_223' title='bbox 876 2466 1047 2544; x_wconf 88' lang='lat' dir='ltr'>priusquam</span> <span class='ocrx_word' id='word_1_224' title='bbox 1071 2463 1161 2544; x_wconf 90' lang='lat' dir='ltr'>aliqui</span> 
     </span>
    </p>
   </div>
   <div class='ocr_carea' id='block_1_6' title="bbox 201 2548 1159 2628">
    <p class='ocr_par' dir='ltr' id='par_1_6' title="bbox 201 2548 1159 2628">
     <span class='ocr_line' id='line_1_28' title="bbox 201 2548 1159 2628; baseline 0.001 -19"><span class='ocrx_word' id='word_1_225' title='bbox 201 2557 299 2610; x_wconf 89' lang='lat' dir='ltr'>motus</span> <span class='ocrx_word' id='word_1_226' title='bbox 318 2550 348 2609; x_wconf 91' lang='lat' dir='ltr'>in</span> <span class='ocrx_word' id='word_1_227' title='bbox 368 2548 443 2609; x_wconf 91' lang='lat' dir='ltr'>urbe</span> <span class='ocrx_word' id='word_1_228' title='bbox 466 2557 615 2617; x_wconf 90' lang='lat' dir='ltr'>oreretur,</span> <span class='ocrx_word' id='word_1_229' title='bbox 640 2549 788 2610; x_wconf 81' lang='lat' dir='ltr'>fortunam</span> <span class='ocrx_word' id='word_1_230' title='bbox 811 2565 927 2628; x_wconf 83' lang='lat' dir='ltr'>pugnae</span> <span class='ocrx_word' id='word_1_231' title='bbox 950 2550 1080 2628; x_wconf 84' lang='lat' dir='ltr'>experiri</span> <span class='ocrx_word' id='word_1_232' title='bbox 1102 2556 1159 2610; x_wconf 87' lang='lat' dir='ltr'>sta·</span> 
     </span>
    </p>
   </div>
   <div class='ocr_carea' id='block_1_7' title="bbox 173 2633 1251 2712">
    <p class='ocr_par' dir='ltr' id='par_1_7' title="bbox 173 2633 1251 2712">
     <span class='ocr_line' id='line_1_29' title="bbox 173 2633 1251 2712; baseline 0 -20"><span class='ocrx_word' id='word_1_233' title='bbox 173 2634 265 2694; x_wconf 90' lang='lat' dir='ltr'>8tuit</span> <span class='ocrx_word' id='word_1_234' title='bbox 296 2633 332 2694; x_wconf 90' lang='lat' dir='ltr'>ad</span> <span class='ocrx_word' id='word_1_235' title='bbox 346 2635 400 2694; x_wconf 90' lang='lat' dir='ltr'>tris</span> <span class='ocrx_word' id='word_1_236' title='bbox 414 2641 514 2712; x_wconf 88' lang='lat' dir='ltr'>portas</span> <span class='ocrx_word' id='word_1_237' title='bbox 537 2635 569 2693; x_wconf 91' lang='lat' dir='ltr'>in</span> <span class='ocrx_word' id='word_1_238' title='bbox 589 2633 688 2694; x_wconf 89' lang='lat' dir='ltr'>hostes</span> <span class='ocrx_word' id='word_1_239' title='bbox 706 2651 806 2694; x_wconf 86' lang='lat' dir='ltr'>versas</span> <span class='ocrx_word' id='word_1_240' title='bbox 826 2633 974 2711; x_wconf 90' lang='lat' dir='ltr'>tripertito</span> <span class='ocrx_word' id='word_1_241' title='bbox 997 2635 1158 2693; x_wconf 85' lang='lat' dir='ltr'>exercitum</span> <span class='ocrx_word' id='word_1_242' title='bbox 1250 2645 1251 2684; x_wconf 76' lang='lat' dir='ltr'>l</span> 
     </span>
    </p>
   </div>
   <div class='ocr_carea' id='block_1_8' title="bbox 201 2715 1158 2878">
    <p class='ocr_par' dir='ltr' id='par_1_8' title="bbox 201 2715 1158 2878">
     <span class='ocr_line' id='line_1_30' title="bbox 201 2715 1158 2796; baseline 0.001 -21"><span class='ocrx_word' id='word_1_243' title='bbox 201 2717 352 2786; x_wconf 83' lang='lat' dir='ltr'>instruxit;</span> <span class='ocrx_word' id='word_1_244' title='bbox 370 2717 571 2795; x_wconf 83' lang='lat' dir='ltr'>inpedimenta</span> <span class='ocrx_word' id='word_1_245' title='bbox 585 2716 723 2796; x_wconf 87' lang='lat' dir='ltr'>subsequi</span> <span class='ocrx_word' id='word_1_246' title='bbox 737 2718 832 2786; x_wconf 92' lang='lat' dir='ltr'>iussit,</span> <span class='ocrx_word' id='word_1_247' title='bbox 850 2715 967 2778; x_wconf 90' lang='lat' dir='ltr'>calones</span> <span class='ocrx_word' id='word_1_248' title='bbox 983 2715 1115 2796; x_wconf 83' lang='lat' dir='ltr'>lixasque</span> <span class='ocrx_word' id='word_1_249' title='bbox 1130 2723 1158 2776; x_wconf 92' lang='lat' dir='ltr'>et</span> 
     </span>
     <span class='ocr_line' id='line_1_31' title="bbox 201 2798 1156 2878; baseline 0.002 -21"><span class='ocrx_word' id='word_1_250' title='bbox 201 2798 343 2859; x_wconf 85' lang='lat' dir='ltr'>invalidos</span> <span class='ocrx_word' id='word_1_251' title='bbox 360 2799 468 2860; x_wconf 89' lang='lat' dir='ltr'>milites</span> <span class='ocrx_word' id='word_1_252' title='bbox 482 2799 589 2861; x_wconf 83' lang='lat' dir='ltr'>vallum</span> <span class='ocrx_word' id='word_1_253' title='bbox 610 2801 698 2861; x_wconf 87' lang='lat' dir='ltr'>ferre.</span> <span class='ocrx_word' id='word_1_254' title='bbox 727 2800 823 2860; x_wconf 89' lang='lat' dir='ltr'>media</span> <span class='ocrx_word' id='word_1_255' title='bbox 838 2807 923 2878; x_wconf 90' lang='lat' dir='ltr'>porta</span> <span class='ocrx_word' id='word_1_256' title='bbox 944 2799 1053 2860; x_wconf 90' lang='lat' dir='ltr'>robora</span> <span class='ocrx_word' id='word_1_257' title='bbox 1067 2800 1156 2878; x_wconf 88' lang='lat' dir='ltr'>legio·</span> 
     </span>
    </p>
   </div>
   <div class='ocr_carea' id='block_1_9' title="bbox 172 2882 1251 3046">
    <p class='ocr_par' dir='ltr' id='par_1_9' title="bbox 172 2882 1251 3046">
     <span class='ocr_line' id='line_1_32' title="bbox 202 2882 1251 2966; baseline 0.002 -26"><span class='ocrx_word' id='word_1_258' title='bbox 202 2899 273 2940; x_wconf 89' lang='lat' dir='ltr'>num</span> <span class='ocrx_word' id='word_1_259' title='bbox 288 2889 319 2940; x_wconf 90' lang='lat' dir='ltr'>et</span> <span class='ocrx_word' id='word_1_260' title='bbox 331 2882 479 2942; x_wconf 87' lang='lat' dir='ltr'>Romanos</span> <span class='ocrx_word' id='word_1_261' title='bbox 497 2885 622 2960; x_wconf 87' lang='lat' dir='ltr'>equites,</span> <span class='ocrx_word' id='word_1_262' title='bbox 639 2883 752 2943; x_wconf 87' lang='lat' dir='ltr'>duabus</span> <span class='ocrx_word' id='word_1_263' title='bbox 767 2886 846 2946; x_wconf 90' lang='lat' dir='ltr'>circa</span> <span class='ocrx_word' id='word_1_264' title='bbox 861 2885 954 2962; x_wconf 90' lang='lat' dir='ltr'>portis</span> <span class='ocrx_word' id='word_1_265' title='bbox 976 2901 1067 2944; x_wconf 85' lang='lat' dir='ltr'>novos</span> <span class='ocrx_word' id='word_1_266' title='bbox 1080 2882 1156 2944; x_wconf 87' lang='lat' dir='ltr'>mili-</span> <span class='ocrx_word' id='word_1_267' title='bbox 1250 2895 1251 2966; x_wconf 50' lang='grc' dir='ltr'>ᾗ</span> 
     </span>
     <span class='ocr_line' id='line_1_33' title="bbox 172 2962 1251 3046; baseline 0.004 -22"><span class='ocrx_word' id='word_1_268' title='bbox 172 2972 245 3026; x_wconf 79' lang='lat' dir='ltr'>ttes</span> <span class='ocrx_word' id='word_1_269' title='bbox 260 2962 413 3044; x_wconf 83' lang='lat' dir='ltr'>levemque</span> <span class='ocrx_word' id='word_1_270' title='bbox 428 2975 607 3024; x_wconf 88' lang='lat' dir='ltr'>armaturam</span> <span class='ocrx_word' id='word_1_271' title='bbox 623 2982 659 3025; x_wconf 94' lang='lat' dir='ltr'>ac</span> <span class='ocrx_word' id='word_1_272' title='bbox 675 2967 822 3027; x_wconf 87' lang='lat' dir='ltr'>sociorum</span> <span class='ocrx_word' id='word_1_273' title='bbox 837 2969 948 3046; x_wconf 89' lang='lat' dir='ltr'>equites</span> <span class='ocrx_word' id='word_1_274' title='bbox 962 2968 1071 3028; x_wconf 89' lang='lat' dir='ltr'>statuit.</span> <span class='ocrx_word' id='word_1_275' title='bbox 1098 2966 1155 3030; x_wconf 89' lang='lat' dir='ltr'>No·</span> <span class='ocrx_word' id='word_1_276' title='bbox 1250 2969 1251 3004; x_wconf 65' lang='lat'>³</span> 
     </span>
    </p>
   </div>
   <div class='ocr_carea' id='block_1_10' title="bbox 201 3049 1156 3130">
    <p class='ocr_par' dir='ltr' id='par_1_10' title="bbox 201 3049 1156 3130">
     <span class='ocr_line' id='line_1_34' title="bbox 201 3049 1156 3130; baseline 0 -20"><span class='ocrx_word' id='word_1_277' title='bbox 201 3050 261 3111; x_wconf 88' lang='lat' dir='ltr'>lani</span> <span class='ocrx_word' id='word_1_278' title='bbox 278 3067 388 3111; x_wconf 82' lang='lat' dir='ltr'>muros·</span> <span class='ocrx_word' id='word_1_279' title='bbox 403 3056 560 3128; x_wconf 81' lang='lat' dir='ltr'>portasque</span> <span class='ocrx_word' id='word_1_280' title='bbox 583 3049 663 3110; x_wconf 86' lang='lat' dir='ltr'>adire</span> <span class='ocrx_word' id='word_1_281' title='bbox 684 3051 779 3121; x_wconf 86' lang='lat' dir='ltr'>vetiti,</span> <span class='ocrx_word' id='word_1_282' title='bbox 803 3049 990 3130; x_wconf 86' lang='lat' dir='ltr'>subsidiaque</span> <span class='ocrx_word' id='word_1_283' title='bbox 1015 3050 1156 3111; x_wconf 87' lang='lat' dir='ltr'>destinata</span> 
     </span>
    </p>
   </div>
   <div class='ocr_carea' id='block_1_11' title="bbox 200 3132 1251 3216">
    <p class='ocr_par' dir='ltr' id='par_1_11' title="bbox 200 3132 1251 3216">
     <span class='ocr_line' id='line_1_35' title="bbox 200 3132 1251 3216; baseline 0.001 -22"><span class='ocrx_word' id='word_1_284' title='bbox 200 3134 408 3213; x_wconf 86' lang='lat' dir='ltr'>inpedimentis</span> <span class='ocrx_word' id='word_1_285' title='bbox 422 3133 503 3205; x_wconf 87' lang='lat' dir='ltr'>data,</span> <span class='ocrx_word' id='word_1_286' title='bbox 526 3152 563 3194; x_wconf 90' lang='lat' dir='ltr'>ne</span> <span class='ocrx_word' id='word_1_287' title='bbox 589 3135 738 3216; x_wconf 84' lang='lat' dir='ltr'>occupatis</span> <span class='ocrx_word' id='word_1_288' title='bbox 758 3133 870 3214; x_wconf 89' lang='lat' dir='ltr'>proelio</span> <span class='ocrx_word' id='word_1_289' title='bbox 892 3132 1058 3212; x_wconf 85' lang='lat' dir='ltr'>legionibus</span> <span class='ocrx_word' id='word_1_290' title='bbox 1077 3134 1110 3193; x_wconf 87' lang='lat' dir='ltr'>in</span> <span class='ocrx_word' id='word_1_291' title='bbox 1123 3151 1155 3194; x_wconf 90' lang='lat' dir='ltr'>ca</span> <span class='ocrx_word' id='word_1_292' title='bbox 1250 3167 1251 3204; x_wconf 56' lang='lat' dir='ltr'>t</span> 
     </span>
    </p>
   </div>
   <div class='ocr_carea' id='block_1_12' title="bbox 159 3216 1251 3463">
    <p class='ocr_par' dir='ltr' id='par_1_12' title="bbox 159 3216 1251 3463">
     <span class='ocr_line' id='line_1_36' title="bbox 159 3216 1251 3298; baseline 0.005 -24"><span class='ocrx_word' id='word_1_293' title='bbox 159 3223 192 3274; x_wconf 87' lang='lat' dir='ltr'>to</span> <span class='ocrx_word' id='word_1_294' title='bbox 203 3220 331 3298; x_wconf 86' lang='lat' dir='ltr'>impetus</span> <span class='ocrx_word' id='word_1_295' title='bbox 346 3218 439 3278; x_wconf 87' lang='lat' dir='ltr'>deret.</span> <span class='ocrx_word' id='word_1_296' title='bbox 469 3219 509 3278; x_wconf 88' lang='lat' dir='ltr'>ita</span> <span class='ocrx_word' id='word_1_297' title='bbox 527 3216 756 3278; x_wconf 79' lang='lat' dir='ltr'>instructi&#39;intra</span> <span class='ocrx_word' id='word_1_298' title='bbox 772 3223 872 3297; x_wconf 87' lang='lat' dir='ltr'>portas</span> <span class='ocrx_word' id='word_1_299' title='bbox 892 3216 1017 3279; x_wconf 88' lang='lat' dir='ltr'>stabant</span> <span class='ocrx_word' id='word_1_300' title='bbox 1045 3217 1154 3278; x_wconf 85' lang='lat' dir='ltr'>Hanni-</span> <span class='ocrx_word' id='word_1_301' title='bbox 1250 3241 1251 3280; x_wconf 64' lang='lat' dir='ltr'>t</span> 
     </span>
     <span class='ocr_line' id='line_1_37' title="bbox 201 3299 1251 3380; baseline -0.001 -20"><span class='ocrx_word' id='word_1_302' title='bbox 201 3301 261 3360; x_wconf 85' lang='lat' dir='ltr'>bali</span> <span class='ocrx_word' id='word_1_303' title='bbox 275 3300 329 3360; x_wconf 90' lang='lat' dir='ltr'>sub</span> <span class='ocrx_word' id='word_1_304' title='bbox 345 3303 449 3379; x_wconf 88' lang='lat' dir='ltr'>signis,</span> <span class='ocrx_word' id='word_1_305' title='bbox 469 3300 500 3361; x_wconf 94' lang='lat' dir='ltr'>id</span> <span class='ocrx_word' id='word_1_306' title='bbox 521 3301 600 3380; x_wconf 90' lang='lat' dir='ltr'>quod</span> <span class='ocrx_word' id='word_1_307' title='bbox 621 3319 675 3380; x_wconf 92' lang='lat' dir='ltr'>per</span> <span class='ocrx_word' id='word_1_308' title='bbox 689 3301 800 3380; x_wconf 88' lang='lat' dir='ltr'>aliquot</span> <span class='ocrx_word' id='word_1_309' title='bbox 811 3299 873 3362; x_wconf 87' lang='lat' dir='ltr'>dics</span> <span class='ocrx_word' id='word_1_310' title='bbox 887 3301 1013 3370; x_wconf 85' lang='lat' dir='ltr'>iecerat,</span> <span class='ocrx_word' id='word_1_311' title='bbox 1029 3300 1067 3362; x_wconf 85' lang='lat' dir='ltr'>ad</span> <span class='ocrx_word' id='word_1_312' title='bbox 1081 3299 1155 3362; x_wconf 88' lang='lat' dir='ltr'>mul·</span> <span class='ocrx_word' id='word_1_313' title='bbox 1250 3339 1251 3352; x_wconf 71' lang='lat'>,</span> 
     </span>
     <span class='ocr_line' id='line_1_38' title="bbox 202 3381 1251 3463; baseline 0.002 -24"><span class='ocrx_word' id='word_1_314' title='bbox 202 3389 263 3441; x_wconf 88' lang='lat' dir='ltr'>turn</span> <span class='ocrx_word' id='word_1_315' title='bbox 280 3382 338 3440; x_wconf 91' lang='lat' dir='ltr'>diei</span> <span class='ocrx_word' id='word_1_316' title='bbox 358 3384 390 3442; x_wconf 89' lang='lat' dir='ltr'>iu</span> <span class='ocrx_word' id='word_1_317' title='bbox 412 3385 474 3444; x_wconf 80' lang='lat' dir='ltr'>acie</span> <span class='ocrx_word' id='word_1_318' title='bbox 494 3385 582 3445; x_wconf 86' lang='lat' dir='ltr'>stanti</span> <span class='ocrx_word' id='word_1_319' title='bbox 608 3385 704 3461; x_wconf 89' lang='lat' dir='ltr'>primo</span> <span class='ocrx_word' id='word_1_320' title='bbox 726 3381 867 3444; x_wconf 88' lang='lat' dir='ltr'>miraculo</span> <span class='ocrx_word' id='word_1_321' title='bbox 892 3401 971 3459; x_wconf 88' lang='lat' dir='ltr'>esse,</span> <span class='ocrx_word' id='word_1_322' title='bbox 997 3382 1075 3463; x_wconf 91' lang='lat' dir='ltr'>qnod</span> <span class='ocrx_word' id='word_1_323' title='bbox 1100 3401 1154 3442; x_wconf 90' lang='lat' dir='ltr'>nec</span> <span class='ocrx_word' id='word_1_324' title='bbox 1250 3383 1251 3442; x_wconf 62' lang='grc' dir='ltr'><em>ὲ</em></span> 
     </span>
    </p>
   </div>
   <div class='ocr_carea' id='block_1_13' title="bbox 202 3463 1251 3548">
    <p class='ocr_par' dir='ltr' id='par_1_13' title="bbox 202 3463 1251 3548">
     <span class='ocr_line' id='line_1_39' title="bbox 202 3463 1251 3548; baseline 0.013 -30"><span class='ocrx_word' id='word_1_325' title='bbox 202 3464 347 3522; x_wconf 85' lang='lat' dir='ltr'>exercitus</span> <span class='ocrx_word' id='word_1_326' title='bbox 363 3463 513 3526; x_wconf 84' lang='lat' dir='ltr'>Romanus</span> <span class='ocrx_word' id='word_1_327' title='bbox 527 3474 613 3544; x_wconf 88' lang='lat' dir='ltr'>porta</span> <span class='ocrx_word' id='word_1_328' title='bbox 631 3467 836 3544; x_wconf 87' lang='lat' dir='ltr'>egrederetur,</span> <span class='ocrx_word' id='word_1_329' title='bbox 858 3485 914 3528; x_wconf 90' lang='lat' dir='ltr'>nec</span> <span class='ocrx_word' id='word_1_330' title='bbox 929 3474 1058 3530; x_wconf 72' lang='lat' dir='ltr'>umatus</span> <span class='ocrx_word' id='word_1_331' title='bbox 1075 3468 1153 3546; x_wconf 74' lang='lat' dir='ltr'>qutie-</span> <span class='ocrx_word' id='word_1_332' title='bbox 1250 3493 1251 3548; x_wconf 64' lang='grc' dir='ltr'><strong>ς</strong></span> 
     </span>
    </p>
   </div>
   <div class='ocr_carea' id='block_1_14' title="bbox 0 0 1276 3956">
    <p class='ocr_par' dir='ltr' id='par_1_14' title="bbox 0 0 1276 3956">
     <span class='ocr_line' id='line_1_40' title="bbox 0 0 1276 3956; baseline 0 3"><span class='ocrx_word' id='word_1_333' title='bbox 0 0 1276 3956; x_wconf 95' lang='lat' dir='ltr'> </span> 
     </span>
    </p>
   </div>
  </div>
 </body>
</html>
