2542 3956
178 179 240 245 356
346 191 439 235 tarsun
454 191 543 234 xxm.
560 191 630 236 carc
644 177 688 232 35.
703 176 747 232 to.
764 168 804 252 [a.
816 191 847 233 u.
862 191 889 233 e.
905 168 967 252 tat]

179 350 311 421 ceperat,
329 357 367 402 ne
383 357 441 421 qua
449 336 635 417 exprobratio
645 341 781 420 cuiquam
798 338 907 400 veteris
921 337 1059 400 fortunae
1074 338 1142 402 dis-

180 424 310 487 cordiam
322 426 400 486 inter
411 423 530 486 ordinas
541 432 670 494 sereret:
685 433 766 486 vetus
778 421 863 484 miles
874 423 980 493 tironi,
994 421 1073 484 liber
1084 441 1141 486 vo·

153 517 170 570 8
181 507 242 569 loni
252 527 317 570 sese
325 509 481 589 exaequari
487 508 612 578 sineret3
625 509 721 569 omnis
727 507 797 570 satis
807 507 947 568 honestos
958 523 1139 585 generosos-

179 611 237 673 que
248 593 405 664 ducerent,
416 591 523 673 quibus
537 610 617 654 arma
629 610 681 654 sua
692 592 835 672 signaque
846 588 973 670 populus
983 591 1140 653 Romanus

179 679 387 746 commisissem
406 694 481 755 quae
495 676 614 738 fortuna
630 678 777 754 coegisset
790 677 831 737 ita
847 674 927 744 fleri,
942 673 1067 735 eandem
1084 693 1139 736 co·

151 767 168 820 9
181 778 252 840 gere
266 760 342 822 tueri
363 759 482 821 lactum.
513 779 547 822 ea
568 778 629 821 non
643 761 754 822 maiore
770 776 841 820 cura
856 766 1013 839 praecepta
1028 756 1064 820 ab
1080 759 1139 820 du-

180 844 263 906 cibus
273 850 342 906 sunt
352 862 439 923 quam
453 842 626 906 amiliubus
637 844 805 915 observata,
821 841 962 922 brevique
973 849 1055 904 tanta
1063 859 1139 904 con·

180 927 280 990 cordia
298 926 468 990 coaluerant
485 931 617 989 omnium
634 929 739 998 animi,
754 934 788 989 ut
800 945 894 1007 prope
910 927 940 986 in
956 923 1137 988 oblivionem

140 1013 371 1092 uvarumque
384 1029 419 1071 ex
432 1011 605 1073 condicione
616 1013 826 1092 quisqueessct
835 1009 921 1072 miles
932 1010 1037 1072 lactus.
1059 1011 1138 1071 hacc

180 1098 278 1173 agenti
293 1093 427 1156 Graccho
440 1093 529 1174 legati
543 1096 667 1157 Cumani
686 1097 870 1166 nuntiarunt,
891 1112 967 1174 quae
982 1093 1136 1174 allampa-

179 1181 225 1238 nis
236 1178 342 1257 legatio
353 1195 461 1258 paucos
471 1187 539 1240 ante
550 1179 613 1240 dies
625 1181 763 1250 venlsset,
777 1187 807 1240 et
815 1177 887 1260 quid
895 1180 931 1238 iis
942 1178 1000 1259 ipsi
1011 1195 1134 1258 rospon-

138 1271 168 1324 ll
183 1261 308 1324 dissent:
321 1262 418 1323 triduo
428 1270 496 1343 post
506 1281 573 1324 eum
581 1262 658 1324 diem
670 1263 780 1334 festum
784 1280 863 1332 esse;
875 1270 1076 1323 nonsenatum
1086 1279 1134 1322 so·

179 1346 240 1407 lum
258 1364 376 1408 omnem
398 1346 440 1407 ihi
462 1346 609 1418 futurum,
634 1347 686 1408 sed
702 1353 797 1409 castra
815 1347 902 1408 etlam
919 1354 948 1408 et
970 1347 1135 1407 exercitum

139 1439 171 1490 12
183 1431 371 1511 Campanum.
412 1431 563 1492 Gracchus
579 1430 665 1492 iussis
683 1431 821 1493 Cumanis
835 1431 935 1492 omnia
949 1449 985 1492 ex
1002 1430 1081 1509 agris
1101 1431 1136 1490 in

180 1514 285 1575 urbem
298 1514 463 1576 conuehere
472 1524 502 1576 et
512 1532 634 1576 manere
644 1516 723 1577 intra
731 1531 840 1587 muros,
852 1516 915 1594 ipse
929 1514 1032 1595 pridie,
1044 1531 1136 1594 quam

180 1605 286 1659 statum
304 1599 479 1660 sacrificium
498 1598 654 1679 Campanis
675 1607 767 1671 esset,
792 1601 898 1662 Cumas
912 1606 1008 1660 movet
1025 1605 1134 1658 castra.

138 1687 171 1740 13
182 1681 291 1742 Hamae
306 1681 375 1742 inde
390 1684 446 1744 tria
461 1682 541 1744 milla
555 1699 694 1763 passuum
716 1683 832 1745 absunt.
870 1684 926 1746 lam
940 1682 1078 1761 Campani
1093 1699 1133 1741 eo

180 1764 351 1842 trequentes
366 1783 403 1825 ex
420 1765 572 1846 conposito
588 1775 802 1839 convenerant,
824 1785 880 1829 nec
897 1765 998 1848 procul
1012 1763 1081 1825 inde
1095 1765 1133 1824 in
1251 1843 1252 1848 ἵ

179 1846 295 1909 occulto
312 1847 421 1910 ilarius
435 1847 526 1912 Aldus
548 1849 645 1912 medix
663 1851 773 1912 tuticus
790 1855 872 1913 -is
888 1869 1020 1912 summus
1039 1850 1134 1928 magi·

106 1967 108 1972 ·
180 1939 288 1994 stratus
303 1940 367 1993 erat
377 1932 652 2015 Campanis—cum
664 1936 898 2015 quattuordecim
908 1934 1025 1996 milibus
1037 1951 1134 1996 arma·

140 2025 279 2079 latorum
299 2015 427 2080 habehat
441 2024 550 2090 eastra,
567 2019 710 2080 sacrificio
726 2019 894 2099 adparando
909 2027 939 2080 et
951 2021 1030 2080 luter
1043 2016 1075 2079 id
1087 2019 1133 2078 in·

180 2101 337 2162 struendae
355 2101 452 2162 iraudi
467 2100 614 2182 aliquanto
629 2104 773 2164 intentior
788 2121 876 2184 quam
895 2103 1062 2165 muniendis
1083 2118 1132 2160 ca·
1250 2129 1251 2148 1

141 2193 171 2244 15
182 2185 251 2247 stris
266 2192 316 2246 aut
329 2183 382 2245 ulli
396 2183 515 2246 militari
531 2188 624 2266 operi.
658 2185 802 2267 [triduum
818 2188 1011 2249 sacrificatum
1028 2185 1063 2247 ad
1076 2185 1134 2247 llas

178 2267 268 2350 mas]
307 2277 485 2331 nocturnum
501 2278 565 2331 erat
581 2288 711 2341 sacrum,
734 2273 775 2332 ita
795 2278 829 2333 ut
849 2280 918 2333 aute
937 2270 1064 2332 mediam
1080 2286 1135 2328 no·

138 2359 257 2413 luctam
281 2351 478 2432 conpleretur.
526 2352 595 2415 huic
615 2355 765 2416 Gracchus
785 2355 983 2417 insidiandum
1006 2352 1135 2430 tempori
1249 2393 1250 2448 ᾖ

179 2443 275 2506 ratus,
304 2437 473 2498 custodibus
499 2436 535 2499 ad
562 2445 662 2518 portas
683 2440 803 2518 positis,
832 2441 958 2520 nequis
980 2437 1136 2499 enuntiare

179 2527 279 2599 posset
292 2528 410 2601 coepta,
432 2529 462 2582 et
482 2528 550 2583 ante
566 2521 718 2583 decumam
738 2523 796 2584 diel
810 2523 914 2585 horam
929 2524 1037 2584 coactis
1056 2519 1136 2582 mili·
1248 2585 1249 2590 γ

137 2611 169 2665 17
181 2604 258 2667 tibus
281 2623 406 2685 corpora
422 2623 527 2667 curare
547 2622 709 2686 somnoque
729 2626 849 2686 operam
871 2607 956 2678 dare,
980 2617 1012 2668 ut
1030 2604 1136 2685 primis

69 2723 73 2731 ι
179 2689 309 2750 tenebris
320 2691 477 2752 convenire
493 2689 529 2750 ad
544 2690 659 2768 signum
675 2699 811 2771 possent,
826 2690 922 2770 vigilia
933 2691 1027 2751 ferme
1039 2689 1136 2769 prima

179 2770 242 2832 tolli
255 2775 341 2834 iussit
353 2776 451 2852 signa,
471 2775 626 2854 silentique
643 2775 793 2854 proiectus
807 2776 924 2853 agmine
943 2792 1008 2835 cum
1025 2772 1061 2833 ad
1076 2772 1136 2832 lla·
1247 2803 1248 2814 κ

139 2862 171 2914 18
182 2872 244 2916 mas
260 2856 357 2915 media
372 2865 458 2918 nocte
474 2860 668 2936 pervenisset,
692 2867 787 2920 castra
805 2861 951 2938 Campana
968 2865 1001 2918 ut
1020 2859 1051 2916 in
1065 2872 1135 2936 per·

179 2939 278 3016 rigillo
292 2937 427 3016 neglecta
441 2938 528 3000 simul
543 2939 679 3000 omnibus
694 2945 787 3019 portis
799 2943 925 3012 invadit:
942 2939 1014 3002 alios
1029 2957 1136 3000 somno
1246 2999 1247 3008 ἒ

180 3031 300 3093 stratos,
313 3021 384 3083 alios
395 3029 566 3103 perpetrato
578 3039 662 3083 sacro
671 3025 793 3088 inermis
805 3027 956 3088 redeuntis
967 3024 1136 3086 obtruncat.

139 3114 171 3167 19
181 3107 333 3169 hominurn
352 3125 387 3167 co
408 3107 535 3169 tumultu
550 3115 695 3168 nocturno
712 3127 794 3172 caesa
815 3110 882 3188 plus
898 3110 955 3170 duo
971 3108 1050 3168 milia
1066 3125 1136 3167 cum

179 3194 244 3270 ipso
261 3191 335 3252 duce
350 3189 442 3252 llario
458 3190 546 3262 Alfio,
563 3193 640 3271 capti
659 3193 694 3231 *⁸
706 3201 735 3252 et
746 3195 828 3272 signa
844 3193 980 3254 militaria
996 3199 1136 3271 quattuor
1245 3203 1246 3228 ¹

156 3286 210 3415 1et
222 3282 368 3420 tlplllglllllltlall.
403 3358 553 3419 Gracchus
570 3359 666 3420 minus
682 3368 798 3420 centum
816 3361 941 3422 militum
958 3362 1069 3422 iactura
1087 3377 1138 3420 ca·

180 3443 250 3502 stris
263 3443 390 3503 hostium
407 3444 517 3536 potitus
527 3443 632 3505 Cumas
644 3461 675 3504 se
690 3462 817 3523 propere
831 3447 960 3528 recepit,
976 3443 1011 3504 ab
1022 3443 1140 3504 Hanni·

1244 3559 1245 3632 l

1229 3664 1237 3677 θ
1241 3661 1244 3682 i
