2542 3956
299 234 394 278 urana
408 235 486 279 nn.
503 233 571 278 oar.
591 219 633 274 lb.
648 220 688 274 lt.
708 209 748 296 [a.
763 214 798 277 0.
814 211 876 298 217]
905 227 906 234 ¹
1006 217 1069 283 tto

111 382 262 445 sociorum
271 381 303 443 L.
311 381 584 444 Hostillollancluo.
607 380 1099 462 qulexturbaiuvenumaudien·s

114 469 189 528 dum
216 483 304 544 saepe
326 465 466 526 ferociter
495 466 714 526 contionantem
740 465 912 542 magistrum
939 467 1069 545 equitum

111 566 290 630 progressus
304 551 403 630 primo
417 547 611 628 exploratoris
626 547 732 619 modo,
754 555 788 608 ut
810 565 845 608 ex
861 554 923 608 tuto
937 549 1069 627 specula-

112 640 200 693 retur
214 632 346 704 hostem,
368 631 420 693 ubl
435 649 524 709 vagos
541 633 651 712 passim
670 649 725 710 per
740 632 818 691 vicos
832 630 972 692 Numidas
987 633 1067 702 cidit,

112 733 170 795 per
184 717 368 776 occasionem
385 717 471 777 etiam
486 732 595 794 paucos
611 715 731 784 occidit,
749 714 895 794 extemplo
912 722 1100 794 occupatuso

113 800 277 860 certamine
292 806 337 861 est
353 799 481 867 animus,
496 798 725 878 excideruntque
739 805 896 878 praecepta
908 798 1067 867 dictatoris,

114 883 180 961 qul,
197 889 337 960 quamum
348 889 411 944 tuto
426 887 539 961 posset,
557 899 748 961 progressum
760 882 842 960 prius
855 883 989 960 recipere
1004 901 1069 942 sese

112 966 254 1036 iusserat,
271 983 357 1045 quam
374 967 612 1046 inconspectum
630 965 759 1026 hostium
773 965 895 1026 reniret.
925 965 1096 1026 Numidaet

113 1047 165 1109 alii
179 1054 265 1128 atque
283 1049 331 1110 alii
345 1055 535 1110 occursantes
554 1047 792 1128 refugientesque
807 1047 844 1110 ad
866 1055 961 1108 castra
975 1067 1069 1128 prope

111 1133 178 1210 ipsa
201 1149 268 1193 eum
284 1150 351 1193 cum
372 1131 543 1210 fatigatione
564 1149 707 1210 equorum
727 1137 814 1210 atque
834 1131 985 1192 hominum
1000 1150 1068 1210 pcr-

112 1215 244 1276 trahere.
274 1217 344 1276 lnde
359 1213 511 1284 Carthalo,
525 1232 617 1293 penes
632 1233 719 1294 quem
730 1231 843 1274 summa
859 1216 1002 1294 equestris
1015 1217 1069 1276 im·
1082 1223 1098 1272 8

112 1299 191 1379 perii
213 1306 291 1370 erat,
313 1299 466 1359 concitatis
480 1299 563 1377 equis
576 1299 708 1359 invectus
724 1313 790 1358 cum
805 1299 902 1378 prius,
928 1317 1014 1378 quam
1033 1299 1069 1359 ad

115 1383 281 1442 coniectum
302 1381 354 1442 teli
377 1384 503 1450 renuet,
525 1381 805 1452 arcuissetehosus,
828 1382 957 1460 quinque
975 1382 1069 1443 lerme

114 1463 195 1526 milia
207 1467 369 1525 continenti
375 1483 463 1526 cursu
470 1473 587 1527 secutus
599 1471 643 1526 est
655 1464 803 1544 fugientis.
818 1463 978 1535 Mancinus,
989 1472 1069 1543 post·
1081 1471 1100 1522 a

114 1566 203 1628 quam
218 1566 273 1609 nec
283 1549 399 1610 bostem
409 1549 551 1611 desistere
565 1549 655 1630 sequi
662 1565 718 1611 nec
732 1565 816 1626 spem
826 1547 898 1608 vidit
912 1548 1070 1626 effugiendi

114 1649 188 1702 esse,
206 1631 376 1693 cohortatus
390 1649 458 1695 suos
471 1635 502 1694 in
512 1633 658 1713 proelium
669 1631 758 1694 rediit
772 1632 852 1692 omni
862 1639 946 1712 parte
962 1633 1066 1694 uirium

111 1717 208 1793 inpar.
246 1716 345 1796 itaqua
364 1718 427 1796 ipse
446 1723 475 1778 et
495 1717 601 1778 delecti
622 1719 753 1798 equiturn
775 1717 966 1779 circumventi
988 1718 1066 1778 occi·
1081 1723 1111 1774 to

112 1798 239 1867 duntur;
263 1801 355 1860 ceteri
375 1799 467 1860 elluso
491 1819 594 1862 rursus
616 1819 703 1863 cursu
732 1799 814 1863 Cales
829 1799 971 1881 primum,
1000 1800 1069 1861 inde

111 1898 206 1961 prope
221 1883 307 1942 inviis
322 1881 444 1944 callibus
459 1883 495 1944 ad
512 1883 685 1945 dictatorem
699 1885 903 1963 perfugerunt.

175 1965 218 2026 Eo
231 1965 308 2027 lorte
323 1965 371 2026 die
381 1966 523 2028 llinuclus
537 1986 570 2029 se
584 1969 776 2029 coniunxerat
787 1966 891 2036 Fabio,
910 1965 1017 2026 missus
1031 1965 1068 2026 ad
1081 1972 1109 2024 11

111 2047 290 2110 firmandum
314 2050 461 2129 praesidio
487 2047 608 2120 saltum,
635 2052 685 2129 qul
710 2067 799 2128 super
821 2050 1012 2132 Tarracinam
1038 2050 1069 2109 ln

113 2138 191 2193 artas
205 2139 323 2193 coactus
337 2133 436 2193 lauces
450 2133 575 2193 inminet
587 2133 677 2200 mari,
694 2150 731 2192 ne
746 2130 783 2192 ab
798 2132 936 2195 Sinuessa
952 2130 1068 2195 Poenus

110 2215 221 2292 Appiae
237 2215 330 2274 limite
345 2217 499 2294 pervenire
513 2217 545 2274 ln
561 2232 664 2292 agrum
679 2215 843 2278 Romanum
858 2222 967 2296 posset.
997 2236 1067 2278 con·

110 2297 218 2357 iunctis
238 2297 415 2358 exercitibus
430 2297 554 2358 dotatur
572 2315 606 2359 ac
626 2299 766 2377 magister
781 2301 911 2378 equitum
927 2309 1022 2360 castra
1036 2303 1068 2360 in

109 2382 187 2441 viam
208 2380 360 2452 deterunt,
389 2399 445 2460 qua
464 2381 610 2442 Hannibal
638 2381 777 2443 ducturus
804 2390 876 2443 erat.
913 2380 971 2442 duo
999 2383 1068 2443 indo

111 2463 191 2524 milia
209 2463 307 2524 hostes
321 2463 452 2525 aberant.
495 2464 567 2526 ΧΠ.
599 2465 720 2526 Postero
741 2465 788 2526 die
803 2466 895 2526 Poeni
912 2463 1092 2544 quod'viaet

111 2550 189 2608 inter
210 2546 279 2607 bina
300 2554 396 2608 castra
416 2555 479 2609 erat
501 2549 616 2626 agmine
638 2547 821 2628 conplorare.
855 2567 922 2608 cunr
943 2547 1094 2610 Romania

112 2630 165 2692 sub
185 2632 249 2710 ipso
271 2633 469 2692 constitissent
489 2631 577 2702 rallo,
604 2631 681 2692 haud
710 2632 797 2692 dubie
828 2633 966 2711 aequiore
992 2632 1067 2704 loco,

112 2715 251 2776 successit
280 2721 379 2776 tamen
403 2716 518 2776 Poenus
540 2733 606 2776 curn
638 2715 780 2795 expeditis
803 2717 954 2792 peditatus
986 2719 1066 2796 equi·

112 2798 246 2877 tibusque
272 2799 308 2859 ad
332 2797 535 2860 lacessendum
552 2799 675 2860 hostem.
707 2801 830 2879 carptim
845 2799 937 2882 Poeni
954 2807 983 2860 et
997 2818 1066 2880 pro-

113 2882 255 2942 cursando
275 2882 504 2963 recipiendoque
524 2900 589 2944 sese
606 2901 789 2964 pugnavere3
810 2883 916 2944 restitit
931 2901 984 2944 suo
1001 2883 1066 2944 loco

113 2963 242 3025 Romana
263 2968 357 3026 acies:
380 2966 459 3027 lenta
478 2985 577 3046 pugna
598 2975 627 3028 et
643 2986 678 3029 ex
695 2967 845 3028 dictatoris
867 2968 961 3044 magis
979 2975 1094 3046 quanta

113 3047 281 3108 Hannibalis
295 3049 350 3109 tuit
364 3049 521 3110 voluntate.
549 3051 667 3111 ducenti
683 3050 719 3110 ab
734 3051 889 3118 Romania,
907 3050 1067 3125 octingenti

113 3131 239 3191 hostium
260 3130 403 3192 cecidere.
440 3131 571 3192 inclusus
590 3133 660 3192 inde
688 3131 781 3191 videri
802 3129 947 3192 Hannibal
968 3132 1012 3190 via
1030 3130 1095 3190 ada

115 3213 269 3276 Casilinum
285 3213 418 3284 obsessa,
436 3231 502 3274 cum
519 3215 617 3292 Capua
637 3221 666 3274 et
683 3213 834 3276 Samnium
852 3221 881 3274 et
899 3220 1013 3274 tantum
1029 3213 1064 3273 ah

115 3306 193 3376 tergo
210 3297 330 3359 divitum
352 3299 500 3358 sociorum
517 3297 657 3358 Romanis
680 3305 859 3358 commeatus
879 3297 1064 3366 subveheret,

25 3441 26 3450 ,
115 3383 226 3443 Poenus
239 3384 316 3443 inter
332 3381 487 3442 Formiana
502 3398 570 3442 saxa
585 3398 618 3442 ac
632 3381 744 3442 Literni
763 3381 888 3442 harenas
903 3378 1063 3468 stagnaque

116 3473 142 3526 et
154 3466 342 3544 perhorridas
358 3464 444 3526 silvas
460 3464 667 3527 hibernaturus
682 3471 767 3528 esset.
794 3483 857 3617 pipp¹
867 3465 1088 3529 Hannibalemt
