2526 3940
255 245 508 295 DISCREPANTIA
532 247 753 298 sculpentium.
867 251 985 300 LXXII}

75 331 117 375 x1.
132 329 213 373 xvru
227 352 251 363 -
265 330 316 374 xx.
950 307 965 338 '

78 417 127 451 nae
141 409 260 452 canentes
270 401 316 451 Na.
333 399 338 463 Ι
354 403 442 461 tonale]
456 403 502 452 irre·
515 409 564 452 tum
576 403 746 456 calasinusNz.
759 399 771 471 ΙΙ
783 405 859 456 lll'lll.
871 406 901 454 ll.
912 407 985 465 cdd,

75 471 84 521 '.
103 467 109 529 l
125 467 284 533 sophusSi„
296 471 370 526 totus,
388 470 498 533 staphus,
512 470 615 533 eoopbus
627 472 685 520 cdd.
701 467 706 534 Ι
722 475 759 522 m'.
774 471 824 528 st,
842 471 979 536 ernauldi

75 537 114 585 ius
128 537 251 586 maximus
262 549 314 593 ro,
332 550 378 586 om.
392 536 440 584 No.
457 536 461 594 Ι
476 537 660 597 tegernseae,
679 547 785 598 regerent
796 539 852 588 edd.
870 537 875 598 l
890 539 983 589 senatui

75 640 82 659 ,
103 609 207 652 senatus
220 603 278 655 cdd.
293 600 299 666 Ι
313 603 382 666 periit
393 599 462 670 roal
482 603 540 652 xlx.
558 605 589 655 cl.
603 605 701 668 pulcher
711 604 759 652 Na.
771 620 822 654 rec.
839 603 843 667 Ι
859 606 986 656 Claudiurn

75 683 115 717 arn
129 669 185 726 Si„
201 670 233 722 el.
247 670 338 718 claucia
349 667 404 727 Nn,
418 671 449 720 cl.
474 668 507 731 o.)
520 671 636 732 glauciam
647 685 708 726 ree,
722 672 886 732 anglesciam
898 672 979 734 Gaels.

75 737 172 796 atinus]
187 736 287 786 calanus
300 735 345 788 No.
356 751 407 789 ree.
424 734 428 800 Ι
444 739 564 797 Fregenae
576 744 599 786 et
610 738 634 786 in
647 736 721 786 Iolen.
736 738 742 796 Ι
757 738 802 788 (loo
814 746 919 802 pretores
932 739 985 788 No.

85 803 210 852 aurelium
222 803 280 852 edd.
296 798 301 862 Ι
316 803 429 852 uictoriae
446 805 517 861 edd„
535 805 658 853 uictoriam
675 805 732 856 cdd.
749 802 754 868 Ι
768 806 798 854 ed
811 807 920 865 daegatas
932 806 986 856 Nn.

75 870 93 918 l.
107 867 256 930 ligurasNz.
270 867 275 931 Ι
290 869 376 919 Tuccia
389 869 435 927 Si..
448 870 509 919 lucia
520 872 577 922 edd.
593 868 598 932 Ι
614 887 642 920 eo
653 871 726 929 bello]
739 880 761 919 et
772 872 834 922 hello
844 871 890 921 Νι.
899 872 982 934 dacis.

75 945 177 986 tomaro
188 936 304 993 Narco..
314 936 461 987 Viridomaro
467 937 525 986 edd.
542 935 547 996 Ι
562 937 654 996 domiti]
668 938 729 986 domi
738 937 784 990 Ns.
800 938 805 1000 Ι
820 940 896 1002 primo
908 940 985 989 lustro

75 1035 123 1077 rc.,
137 1035 186 1084 quo
196 1021 271 1069 lustro
280 1017 360 1082 Guelf.
376 1016 380 1076 Ι
396 1018 492 1069 cclxx
503 1019 592 1070 ccxttt
602 1021 705 1070 libertini
715 1021 781 1078 odd„
793 1037 814 1073 o.
822 1021 893 1071 Nieb.
904 1021 940 1072 Ii.
949 1021 980 1072 R:

75 1085 95 1137 l.
111 1087 116 1151 Ι
133 1087 159 1136 C.
172 1086 303 1135 Flaminius
365 1085 504 1135 flaminiam
516 1085 553 1135 st.
566 1088 673 1138 addidit.
689 1088 693 1147 Ι
708 1088 736 1137 de
745 1087 783 1145 ta,
797 1103 809 1141 e
822 1103 868 1144 rc,
881 1089 980 1140 om.·rll.

84 1155 111 1202 lu
126 1153 197 1202 tertio
210 1152 298 1202 decade
315 1153 501 1216 antiquissimum
520 1161 542 1201 et
558 1154 732 1215 integerrimum
750 1156 837 1204 iontem
849 1155 985 1205 babendum

82 1219 181 1268 Puteaui
197 1219 304 1268 codicem
317 1217 369 1282 ΙΡ).
382 1220 478 1269 Parisiis
495 1220 652 1277 adservatum,
670 1236 692 1271 u.
705 1223 778 1285 praei.
797 1229 856 1286 part.
870 1225 942 1286 prior.
957 1238 980 1286 p.

75 1287 133 1342 illl,
151 1286 215 1335 iuter
233 1299 314 1335 omncs
331 1292 431 1335 constat.
455 1286 597 1350 Quamquam
615 1288 677 1336 enim
694 1290 785 1340 mendis
802 1297 876 1338 scatet
893 1291 984 1352 partim«

76 1368 103 1409 o,
117 1354 158 1416 qui
172 1352 281 1402 codicem
294 1353 397 1416 scripsit,
409 1354 481 1401 illatis
493 1355 577 1417 partim
591 1369 616 1402 er
630 1368 657 1402 eo
670 1354 739 1414 libro,
753 1355 782 1404 de
792 1370 837 1418 quo
848 1355 983 1418 descriptus

84 1427 106 1467 et
119 1420 173 1483 ipso
186 1418 265 1468 multis
278 1419 366 1474 modis,
382 1419 489 1482 lacunis,
502 1419 621 1469 scribendi
636 1421 768 1478 erroribus,
782 1422 890 1471 loliorum
904 1428 981 1470 trans·

75 1486 193 1546 tionibus,
208 1487 254 1534 iarn
268 1486 409 1543 delormato,
423 1486 566 1550 propagatis,
580 1494 656 1535 tamen
667 1487 728 1550 quod
738 1503 813 1552 pauca
826 1488 897 1537 babet
907 1489 983 1537 inter·

77 1553 158 1609 tionis,
171 1553 264 1616 quaein
275 1551 445 1602 recentioribus
454 1560 559 1613 grassata
570 1560 612 1609 est,
621 1554 727 1614 uestigia,
738 1563 760 1603 ct
769 1568 857 1604 somme
868 1555 986 1616 religione

75 1621 168 1684 quaein
183 1620 313 1682 antiquiore
325 1619 386 1668 libro
399 1620 529 1683 perscripta
543 1629 621 1682 erant,
636 1621 750 1684 servarit,
764 1622 860 1686 reliquis
873 1623 986 1672 omnihus

75 1702 91 1734 e
104 1693 140 1734 est
151 1686 326 1748 praeferendus.
354 1685 387 1734 Ex
404 1687 434 1734 iis
452 1686 579 1735 secundum
592 1689 669 1737 locum
682 1688 787 1737 obtinent
799 1689 915 1738 lledieeus
928 1686 980 1750 (ll),

75 1753 173 1801 tertinus
183 1750 223 1815 (C)
236 1752 265 1801 ab
279 1751 440 1813 llscbelslrio,
460 1753 639 1814 bambergensis
652 1752 690 1816 (B)
704 1755 780 1804 iudea
794 1755 855 1805 libro
868 1755 985 1806 vtcestme

75 1828 106 1869 :to
119 1834 191 1882 usque
204 1820 233 1868 ad
245 1820 315 1868 finem
328 1821 460 1876 tricesemi,
473 1835 485 1868 a
499 1820 584 1869 Febrio
597 1821 709 1877 collatus,
722 1822 849 1871 seeundum
862 1823 906 1870 lros
919 1821 982 1872 (Ian-

75 1887 176 1946 igiensis
187 1884 226 1947 (D)
237 1901 249 1934 a
260 1886 344 1934 lacobo
355 1886 472 1936 Gronovlo
485 1887 611 1938 adbibitus.
633 1887 662 1936 tlt
672 1888 765 1950 quidem
776 1888 831 1938 libri
845 1888 869 1936 iu
883 1889 913 1937 iis
925 1902 984 1952 per-

76 1969 100 2011 s,
114 1953 208 2015 quaein
221 1954 245 2004 P.
259 1953 305 2000 iam
319 1967 364 2001 non
379 1953 496 2012 leguntur,
514 1953 582 2002 initio
595 1954 648 2003 libri
662 1953 712 2004 Xlll
725 1955 781 2004 etin
796 1956 842 2004 fine
853 1955 908 2004 libri
921 1955 980 2004 xxx

88 2021 131 2068 soli
145 2021 169 2068 lu
181 2019 291 2068 auxilium
304 2020 402 2068 vocandi
415 2026 475 2076 stunt,
488 2021 512 2068 in
525 2020 624 2086 reliquis
634 2021 703 2069 buius
713 2022 808 2070 decadis
817 2022 921 2085 partibus
933 2036 984 2070 non

76 2087 141 2134 uulta
155 2086 239 2134 babent
252 2087 356 2142 meliore,
370 2101 437 2150 quam
447 2101 506 2150 quae
516 2088 539 2136 in
551 2089 575 2138 P.
586 2094 676 2136 servata
685 2095 746 2139 eunt.
771 2089 848 2152 Neque
858 2089 985 2152 quisquam

76 2153 198 2209 uirabitur,
216 2153 254 2216 qui
272 2154 424 2216 reputaverit,
444 2159 503 2216 qnae
520 2155 580 2203 ratio
592 2155 653 2204 inter
665 2155 709 2204 bos
720 2156 795 2205 libros
808 2163 829 2204 et
842 2157 984 2204 l‘nteanenm

76 2219 164 2269 rcedat.
189 2219 246 2268 Eam
263 2226 337 2268 autem
353 2221 361 2268 l
374 2220 413 2272 Fr.
427 2221 557 2270 Gronovius
575 2223 657 2284 paneis
668 2222 747 2271 verbis
759 2223 883 2270 illustravit
895 2222 924 2270 ad
938 2222 981 2271 ttb.

76 2287 112 2346 lx,
131 2282 174 2344 18,
191 2283 225 2334 9:-
246 2287 304 2350 „qui
324 2287 474 2336 Puteanicnm
492 2288 599 2336 codicem
617 2294 757 2344 tractarunt,
779 2290 865 2351 inquit,
883 2294 984 2352 possunt

76 2355 165 2412 limare,
184 2360 267 2416 quanta
280 2353 319 2402 illi
337 2354 466 2402 reuerentia
484 2353 608 2411 debeatur,
627 2354 687 2403 unde
705 2361 797 2404 constat
809 2355 886 2404 omnia
899 2369 982 2417 prope,

79 2434 161 2468 eunuc
173 2419 298 2476 habentur,
312 2422 397 2483 scripta
412 2420 565 2484 exemplaria,
585 2421 660 2470 serius
672 2421 754 2483 eitius,
769 2435 795 2470 ex
808 2421 859 2484 ipso
872 2428 910 2469 aut
922 2435 983 2484 apo-

76 2486 372 2550 pbiseiusprolectaesse.“
388 2487 492 2536 Eandem
503 2489 551 2536 lere
561 2489 700 2537 seutentiam
709 2486 985 2551 sequiturllscbeislins

76 2553 172 2609 lertzlns,
179 2552 272 2602 eandem
283 2567 325 2613 ego
335 2555 358 2602 in
370 2567 467 2603 censura
477 2555 541 2603 illius
550 2555 623 2617 partis
633 2555 896 2618 operisllsclrelslriani,
907 2568 982 2604 anua·

76 2636 95 2668 rs
104 2619 213 2680 llorbnrg.
226 2619 281 2669 enni
296 2617 368 2680 1847,
381 2635 404 2684 p.
417 2618 467 2670 998
478 2635 529 2686 sqq.
542 2621 638 2682 inserta,
653 2622 760 2684 exposui,
774 2627 796 2670 et
807 2635 880 2684 nuper
891 2619 985 2679 iladvi-

76 2702 86 2734 s
98 2687 121 2736 ln
133 2686 330 2738 ementiretur.
342 2701 366 2750 p.
376 2683 426 2736 200
437 2701 489 2752 sqq.
501 2688 597 2737 uberius
609 2688 723 2738 tractarit.
742 2687 868 2738 Dillleilius
880 2693 915 2736 est
926 2702 981 2750 per·

79 2763 122 2815 ctu,
136 2755 192 2804 uude
202 2768 284 2804 manus
296 2756 368 2803 altera
381 2762 420 2803 ant
431 2755 498 2803 tertia
512 2751 563 2818 (Pe,
577 2751 635 2819 ea).
648 2761 765 2818 quactum
778 2754 848 2804 ruulte
860 2753 885 2804 iu
898 2755 980 2803 Putea·

76 2837 103 2870 uu
115 2822 240 2884 intulerunt,
255 2822 300 2870 alia
314 2821 477 2882 emendarunt,
492 2821 537 2870 alia
550 2823 710 2885 depravarunt,
724 2835 765 2870 sua
777 2823 907 2886 petiverint.
933 2821 983 2871 lle--

76 2890 107 2938 ari
126 2889 183 2938 euim
198 2895 285 2952 potest,
303 2897 377 2937 utrum
391 2887 421 2946 ii,
440 2888 479 2951 qui
493 2890 531 2938 llla
546 2889 697 2949 addiderunt,
715 2903 781 2938 suurn
799 2889 930 2950 ingenium,
950 2903 985 2937 an

77 2970 108 3004 um
120 2955 212 3016 librum,
231 2970 259 3005 an
276 2961 397 3019 utrumque
413 2955 488 3004 secuti
503 2956 558 3004 alut.
583 2957 616 3005 lle
628 2971 672 3020 qna
686 2971 710 3004 ro
722 2971 752 3004 ne
764 2970 825 3004 nunc
838 2956 930 3019 quidem
943 2970 985 3004 me

77 3024 136 3072 irritet
148 3035 229 3079 eorum,
242 3023 326 3086 quael.
337 3023 354 3071 l.
365 3022 473 3085 erposni3
486 3021 527 3070 sed
540 3037 593 3071 cum
604 3037 650 3072 non
664 3026 808 3085 constabunt
821 3022 849 3070 de
861 3022 921 3071 libro
934 3035 985 3086 quo

89 3091 142 3149 siut,
156 3095 191 3136 aut
202 3090 229 3139 de
240 3090 308 3146 locis,
316 3089 359 3146 ,ubi
372 3103 423 3137 eum
434 3089 591 3150 adhibuerint,
606 3105 651 3138 non
663 3089 756 3138 dublum
768 3103 819 3138 esse
828 3093 910 3152 potest,
924 3089 982 3148 quin
1031 3135 1033 3140 .

81 3171 113 3204 ma
125 3169 199 3204 manus
209 3157 317 3205 Puteanei
331 3157 379 3204 sola
394 3162 511 3220 procerte
525 3157 675 3205 laudamento
687 3155 717 3204 sit
729 3155 848 3210 babendo,
866 3168 892 3203 ea
906 3155 925 3202 si
939 3154 985 3202 de*

77 3231 119 3271 tuat
129 3223 155 3271 ad
167 3223 256 3272 alteram
270 3229 291 3271 et
304 3224 395 3272 tertium
408 3229 430 3271 et
442 3229 549 3286 quattuor
560 3223 634 3272 libros
646 3223 685 3285 qni
698 3236 738 3270 sna
752 3236 779 3270 ex
791 3221 905 3276 Paterno,
922 3235 980 3283 qna·

86 3305 140 3337 nunc
151 3289 249 3350 babetur,
263 3289 279 3338 i.
291 3303 311 3338 e.
326 3305 371 3338 nou
385 3291 460 3352 prima
472 3296 560 3338 tanturn
573 3289 615 3338 sed
628 3290 698 3337 etiam
710 3289 782 3336 altera
795 3296 817 3336 et
830 3288 897 3335 tertia
910 3302 985 3336 maun,

77 3357 103 3404 ›la
114 3364 186 3420 quarta
198 3369 276 3404 manus
288 3357 406 3405 recentior
419 3369 470 3404 esse
481 3355 572 3404 ridetur
583 3361 657 3404 aetate
671 3354 754 3402 horum
772 3350 904 3418 codicum),
922 3354 978 3403 heu

77 3431 127 3484 runt,
140 3425 161 3472 in
173 3423 276 3472 auxilium
289 3423 335 3471 siut
348 3423 460 3482 vocandi,
479 3429 527 3471 tum
540 3422 570 3471 ad
582 3421 737 3477 recentiores,
754 3422 778 3470 in
791 3419 874 3485 quibus
887 3427 986 3484 praeter·

77 3491 113 3539 ulte
125 3491 235 3553 deprauata
253 3499 276 3538 et
292 3491 431 3553 interpolata
449 3489 509 3537 haud
522 3503 595 3553 pauca
608 3495 672 3538 recte
683 3489 808 3537 constituta
821 3495 874 3536 sunt
885 3488 985 3548 ingenio

79 3558 198 3606 coniectura
206 3558 305 3607 virorum
316 3557 436 3606 doctorum
446 3556 514 3606 medii
526 3558 586 3621 ueri,
599 3555 786 3618 conlugiendum,
800 3562 821 3605 et
831 3555 851 3604 sl
861 3569 890 3604 ne
900 3555 916 3603 ii
926 3553 984 3622 qui-
