2546 3936
202 201 241 259 70
339 213 433 255 umen
447 212 515 254 vm.
531 210 600 253 cue.
617 199 657 252 19.
673 197 718 252 20.
739 188 778 271 [e.
794 213 825 251 u.
841 212 867 250 a.
883 185 1020 271 did-426]

160 361 303 423 liseribit
319 359 470 426 Claudius:
493 359 529 421 ad
546 366 695 420 trecentos
714 359 924 438 quinquaginta
950 375 987 420 ex
1001 358 1171 420 coniuratis

202 447 315 507 vinctos
325 444 449 506 Romam
463 444 582 511 missos,
601 460 725 520 eamque
740 441 920 502 deditionem
930 439 967 502 ab
983 449 1088 503 senatu
1102 459 1171 503 non
1244 467 1245 494 r

203 537 367 608 acceptam,
383 526 462 608 quod
478 528 626 605 egentium
645 535 733 605 atque
755 524 910 586 humilium
930 543 1025 605 poena
1041 525 1171 604 defungi
1244 543 1245 614 p

171 611 275 673 lvelle
298 612 472 674 Fundanum
498 610 640 690 populum
667 611 847 670 censuerint.
890 609 952 670 xx.
987 609 1169 671 Privernum
1244 615 1245 654 l

203 696 318 758 duobus
342 693 547 757 consularibus
570 692 750 754 exercitibus
770 711 837 753 cunr
861 690 1063 764 obsideretur,
1088 692 1170 754 alter

203 781 306 842 consul
322 779 509 841 comitiorum
526 796 615 838 causa
631 777 753 837 Romam
775 785 937 838 revocatus.
973 795 1111 838 carceres
1130 795 1168 836 eo

204 881 281 926 anno
297 865 424 926 imcirco
438 862 568 942 primum
582 863 692 922 statuti.

171 957 188 1006 2
264 947 402 1010 Nondum
427 945 599 1025 perfunctos
630 963 700 1005 cura
722 944 902 1006 Privernatis
923 943 994 1004 bebi
1020 942 1168 1022 tumultus

204 1030 308 1094 Gallici
329 1031 406 1092 lama
422 1036 506 1091 atrox
523 1029 641 1099 invasit,
663 1027 741 1090 baud
761 1026 1010 1109 lerme'umquarn
1027 1027 1166 1106 neglecta

173 1123 189 1174 3
204 1114 347 1194 patribus.
382 1110 529 1191 extemplo
544 1113 633 1190 igitur
648 1111 785 1174 consules
799 1113 880 1180 nori,
897 1111 930 1173 L.
946 1111 1087 1173 Aemilius
1101 1111 1165 1172 bla-

118 1244 122 1250 ,
203 1197 352 1260 mercinus
374 1204 404 1258 et
421 1197 451 1258 G.
469 1196 615 1266 Plautius,
639 1215 675 1258 eu
694 1197 759 1276 ipso
784 1197 845 1266 die,
869 1196 933 1257 llal.
956 1195 1166 1267 Quinctilibus,

204 1301 261 1363 quo
279 1282 482 1360 magistratum
494 1281 638 1351 inierunt,
665 1295 827 1359 conparare
847 1281 926 1340 iuter
943 1297 975 1341 se
996 1281 1166 1358 provincias

204 1367 288 1436 iussi,
307 1373 337 1427 et
348 1365 558 1436 Mamercinus,
571 1366 619 1426 cui
635 1363 778 1426 Gallicum
794 1363 905 1425 bellum
921 1370 1072 1433 evenerat,
1089 1365 1165 1424 scri·

171 1459 188 1506 4
203 1449 274 1510 bere
289 1451 451 1510 exercitum
474 1449 537 1509 sine
560 1446 618 1508 ulla
639 1450 799 1509 vacationis
812 1450 912 1509 venia:
938 1450 1009 1528 quin
1024 1448 1164 1526 opificum

203 1552 320 1613 quoque
337 1531 441 1608 vulgus
456 1539 486 1592 et
500 1530 655 1603 sellularii,
671 1534 794 1594 minime
807 1532 927 1593 militiae
945 1531 1087 1593 idoneum
1111 1549 1164 1610 ge·

203 1635 273 1685 nus,
286 1617 373 1676 exciti
386 1614 538 1681 dicuntur,
550 1613 694 1694 Veiosque
708 1617 813 1694 iugens
825 1618 972 1676 exercitus
983 1623 1161 1685 contractus,

170 1707 234 1760 eut
259 1698 329 1759 inde
352 1696 467 1758 obviam
490 1696 581 1758 Gallis
601 1701 704 1760 iretur.
745 1700 862 1779 lougius
888 1699 1014 1769 discedi,
1041 1717 1079 1760 ne
1104 1697 1163 1759 alio

86 1791 95 1796 ”
202 1785 309 1844 itinere
330 1781 423 1842 bostis
451 1780 567 1842 falleret
594 1782 630 1842 ad
651 1782 756 1844 urbem
778 1782 936 1854 incedens,
961 1801 1020 1843 non
1041 1781 1161 1862 placuit.

203 1883 312 1948 paucos
320 1864 428 1926 deiude
438 1865 581 1942 postdies,
592 1867 663 1927 satis
671 1867 820 1945 explorata
833 1869 973 1946 temporis
982 1869 1045 1928 eius
1053 1867 1161 1945 quiete,

170 1957 218 2012 ea
235 1949 326 2011 Gallis
340 1949 514 2009 Privernum
531 1952 627 2010 omnis
639 1968 780 2012 conversa
793 1952 846 2011 vis.
874 1951 983 2030 duplex
999 1949 1069 2011 iude
1083 1950 1161 2010 lama

204 2043 262 2095 est:
277 2033 329 2094 alii
342 2034 370 2092 vi
385 2040 500 2111 captam
514 2033 619 2096 urbem
634 2033 858 2115 Vitnrbiumque
873 2036 969 2095 virum
985 2035 1018 2094 iu
1031 2041 1160 2114 potesta-

202 2128 262 2180 tem
279 2117 408 2186 renisse,
424 2115 486 2186 alii,
501 2119 673 2195 priusquam
689 2116 791 2178 ultima
801 2117 993 2179 adhiberetur
1008 2119 1066 2187 vie,
1081 2119 1161 2197 ipsos

202 2219 235 2262 se
247 2202 277 2262 in
294 2200 445 2261 dicionem
456 2200 585 2263 consulis
596 2201 757 2262 caduceum
772 2201 976 2280 praeferentes
990 2202 1160 2280 permisisse

147 2359 153 2368 ,
170 2293 336 2346 sanctores
359 2290 443 2354 sunt,
465 2284 689 2364 Vitrubiumque
710 2285 747 2346 ab
769 2287 829 2346 suis
850 2285 1000 2346 traditum.
1042 2292 1160 2346 senatus

203 2367 380 2430 deVitrubio
390 2367 672 2448 Privernatibusque
686 2369 837 2430 consultus
850 2368 1002 2430 consulem
1014 2367 1158 2430 Plautium

202 2453 307 2514 dirutis
332 2452 467 2512 Priverni
492 2453 586 2512 muris
617 2453 822 2534 praesidioque
849 2452 1097 2532 valido'inposito
1123 2451 1160 2512 ad

201 2536 385 2615 triumphum
406 2535 544 2603 accersit;
566 2535 732 2597 Vitrubium
749 2539 780 2597 in
799 2555 919 2597 carcere
936 2537 1086 2597 adservari
1100 2537 1159 2596 ius-

170 2622 248 2691 esit,
262 2618 360 2698 quoad
379 2615 482 2678 consul
499 2618 637 2688 redisset,
653 2628 716 2680 tum
727 2620 914 2682 verberatum
932 2621 1040 2680 necari.
1073 2617 1159 2680 aedes

174 2705 280 2776 cius,
307 2719 383 2781 quae
403 2709 503 2761 essent
527 2702 557 2760 iu
579 2702 704 2772 Palatio,
737 2703 912 2774 diruendas,
943 2703 1020 2764 bona
1041 2703 1158 2764 Semoni

201 2787 299 2861 Sango
314 2794 494 2845 censuerunt
516 2787 732 2856 consecranda,
757 2786 894 2867 quodque
909 2787 986 2848 aeris
1003 2805 1039 2848 ex
1055 2789 1097 2848 eis
1112 2804 1157 2847 re·

201 2869 320 2929 dactum
336 2875 393 2937 est,
421 2886 457 2928 ex
474 2887 509 2928 eo
519 2864 610 2930 'aenei
625 2869 712 2930 orbes
730 2871 800 2931 lacti
813 2872 901 2950 positi
918 2873 949 2931 iu
964 2870 1073 2932 sacello
1087 2870 1157 2932 San·

168 2958 256 3030 opus
280 2951 421 3013 adversus
447 2950 549 3013 aedem
564 2954 689 3024 Quirini.
733 2953 770 3014 de
793 2962 898 3016 senatu
923 2955 1094 3016 Privernate
1119 2955 1156 3013 ita

201 3037 369 3106 decretum,
398 3045 443 3105 ut,
469 3038 519 3116 qui
535 3047 654 3098 senator
669 3037 804 3099 Priverni
825 3047 892 3119 post
907 3037 1102 3099 delectionem
1121 3035 1157 3096 ab
1244 3031 1245 3086 l

200 3120 342 3182 Romanis
355 3121 526 3191 mansisset,
541 3128 624 3180 trans
640 3120 772 3182 Tiberim
789 3121 854 3200 lege
868 3122 987 3191 eadem,
1009 3141 1066 3201 qua
1081 3118 1156 3181 Vell·
1244 3171 1245 3182 ,

160 3206 296 3275 rotardi,
322 3203 478 3265 babitaret.
519 3203 566 3264 bis
585 3205 625 3264 ita
649 3205 776 3268 decretis
796 3223 890 3286 usque
918 3205 956 3266 ad
977 3204 1156 3286 triumphum

201 3287 295 3350 Plauti
307 3286 727 3351 silentiumdePrivernatibus
740 3290 810 3352 luit:
825 3285 1081 3369 posttriumpbum
1088 3303 1155 3348 con·

201 3370 245 3431 sul
260 3378 364 3432 necato
379 3370 512 3432 Vitrubio
523 3373 669 3450 sociisque
684 3376 747 3436 eius
762 3391 857 3434 noxae
874 3372 952 3453 apud
966 3374 1086 3433 satiatos
1100 3372 1155 3432 lam

199 3452 350 3533 suppliciis
368 3455 539 3516 nocentium
561 3462 654 3516 tutam
673 3458 853 3518 mentionem
880 3456 920 3516 de
941 3453 1157 3517 Privernatibus
1244 3465 1245 3496 l
