2542 3956
216 157 279 218 302
355 171 450 214 urens
464 172 542 214 mr.
558 171 628 216 oar.
640 158 686 212 ⁴5.
700 159 747 214 46.
760 160 805 214 47.
821 147 863 232 [ι.
875 173 910 214 ιι.
924 173 952 214 c.
966 149 1030 234 5³8]

217 325 325 398 quente
335 318 440 390 Paulo,
455 320 523 400 quia
534 320 628 398 magis
640 337 700 380 non
718 319 846 400 probare
856 337 945 400 quarn
962 337 1023 379 non
1035 317 1193 380 affinrare

185 401 369 465 tconsiliom
389 412 514 484 poterat
550 406 727 482 uansgreu'
745 405 857 466 minen
877 418 1082 498 usqueque,
1106 422 1192 484 quas

215 488 366 549 incastris
378 487 543 548 minoribus
556 486 734 557 habuerant,
756 490 856 568 copias
874 480 1119 564 suis'adruirgunt
1142 499 1190 548 at-

216 587 273 652 que
294 573 335 634 lta
351 572 502 634 imnuunt
519 574 628 632 actem
648 573 681 631 in
697 571 802 632 dextro
823 589 918 632 cornu
932 570 1017 631 -id
1039 578 1112 631 erat
1128 572 1189 632 flu·

216 655 290 716 mlnl
306 657 428 736 propios
444 689 481 702 -
498 656 647 717 Romanos
662 657 775 736 equites
791 656 904 726 locant,
919 654 1027 715 deiude
1041 654 1187 734 peditmr

187 736 329 802 tlaevum
344 757 438 802 cornu
452 741 576 800 extremi
594 741 707 819 eqmtes
725 742 889 810 sociorum
909 740 988 800 intra
1008 739 1133 818 pedites
1148 739 1185 798 ad

216 822 344 884 medium
361 825 453 886 iuneti
472 822 639 901 legionibus
652 823 792 886 llomanis
806 831 978 892 tenuerunt;
999 821 1186 884 laudatores

216 924 283 968 cum
304 910 411 968 ceteris
433 905 540 967 lerimn
562 924 713 970 armorum
733 907 848 968 auxiliis
867 909 963 987 prima
982 909 1064 968 acies
1089 907 1183 968 tacta

186 989 351 1052 sconsules
373 1009 486 1053 cornua
506 997 677 1062 tenuerunt,
704 991 860 1052 Terentius
881 990 1011 1060 laevum,
1033 993 1183 1054 Aemilius

215 1073 367 1143 dextrum:
383 1074 508 1136 Gemino
523 1075 646 1137 Semilio
663 1075 760 1137 media
774 1093 874 1155 pugna
889 1075 998 1135 tuenda
1009 1074 1090 1136 data

189 1161 202 1212 1
278 1156 374 1219 xtvt.
411 1157 557 1220 Hannibal
580 1158 647 1219 luce
672 1160 766 1239 prima
786 1158 950 1220 Baliaribus
977 1158 1095 1236 levique
1123 1158 1181 1220 alia

215 1249 362 1302 armatura
381 1244 541 1323 praemissa
555 1252 757 1321 transgressus
772 1242 896 1313 flumen,
920 1253 951 1303 ut
966 1230 1180 1322 maquere-

188 1323 353 1395 2duxcrat,
375 1328 414 1387 ita
438 1327 468 1386 in
485 1327 548 1388 acie
569 1327 701 1388 locabat:
724 1326 821 1389 Gallos
835 1329 1039 1406 Hispanosque
1062 1337 1179 1405 equutes

215 1427 307 1488 prope
323 1411 417 1489 ripam
433 1410 514 1472 laevo
529 1413 559 1472 in
571 1429 666 1472 cornu
676 1410 816 1472 adversus
827 1413 990 1472 Romanum
1002 1411 1177 1489 equitatum,

190 1492 352 1555 adextrum
367 1513 459 1555 cornu
470 1495 603 1556 Numidis
613 1493 760 1575 equitibus
773 1496 888 1565 datum,
905 1495 1001 1555 media
1013 1495 1077 1554 acie
1092 1495 1177 1572 pedi-

214 1575 292 1638 tibus
314 1577 443 1647 tlrmata,
468 1579 508 1640 ita
521 1587 555 1639 nt
568 1579 707 1640 dirorum
724 1588 849 1659 utraque
866 1597 976 1640 cornua
993 1586 1108 1648 essem,
1131 1580 1175 1638 iu-

187 1667 444 1740 tterponerentur
468 1661 514 1722 his
534 1662 623 1723 medii
637 1662 712 1723 Galli
731 1671 818 1743 atque
831 1663 963 1742 Hispani.
1007 1662 1097 1721 diros
1118 1661 1175 1722 Ho-

215 1759 331 1804 manum
349 1761 454 1822 magna
470 1763 506 1805 ex
526 1753 610 1824 parte
626 1747 765 1808 crederes
779 1749 888 1808 aciem:
909 1748 948 1806 ita
968 1747 1076 1805 armati
1089 1753 1174 1806 eraut

214 1828 303 1888 armis
319 1827 398 1889 etad
416 1826 569 1899 Trebiam,
591 1838 723 1892 ceterum
739 1848 845 1909 magna
859 1848 894 1891 ex
909 1837 994 1909 parte
1009 1829 1046 1888 ad
1064 1829 1173 1890 Trasu-

185 1918 201 1969 o
214 1929 354 1974 mannum
368 1914 469 1994 captis.
504 1911 593 1974 Gallis
607 1913 801 1994 Hispanisque
816 1921 896 1974 scuta
914 1912 1044 1974 eiusdem
1060 1913 1173 1974 lormaa

214 1996 277 2058 lare
299 2002 397 2067 erant,
420 1997 552 2077 dispares
572 2015 607 2058 ac
621 1996 777 2058 dissimiles
792 1997 894 2076 gladii,
915 1995 1005 2057 Gallis
1019 1994 1173 2074 praelongi

213 2097 247 2142 ac
262 2081 326 2140 sine
345 2082 550 2152 mucronibus,
569 2081 713 2162 Hispano,
736 2082 868 2161 punctim
889 2080 982 2158 magis
997 2097 1086 2158 mam
1106 2097 1171 2140 cae·

213 2164 267 2224 sim
282 2163 402 2226 adsueto
416 2173 518 2243 petere
531 2164 664 2237 hostem,
688 2165 831 2226 brevitate
851 2163 964 2226 habiles
978 2171 1007 2224 et
1022 2181 1091 2224 cum
1107 2182 1172 2224 rnu-
1237 2205 1238 2256 p

213 2247 362 2310 cronibus.
395 2256 510 2310 sancet
530 2248 735 2311 allushabitus
757 2250 888 2328 gentium
905 2248 1010 2309 barum
1025 2265 1094 2310 oum
1109 2266 1170 2309 ma·
1237 2259 1238 2300 l

187 2331 366 2410 egritudine
382 2349 540 2413 corporum
551 2341 614 2395 tum
630 2335 729 2414 specie
738 2332 878 2394 terribilis
889 2340 966 2393 erat:
997 2330 1072 2392 Galli
1082 2348 1170 2410 super

212 2413 382 2478 umbilicum
400 2424 485 2477 erant
501 2418 586 2485 nudi:
607 2418 728 2497 Hispani
746 2416 843 2477 linteis
861 2417 1020 2496 praetextis
1040 2433 1169 2496 purpura

212 2501 318 2562 tunicis
338 2501 466 2562 candore
486 2502 562 2562 miro
585 2500 763 2580 fulgentibus
786 2502 987 2562 constiterant.
1030 2517 1168 2560 numerus

213 2586 343 2646 omnium
358 2584 505 2665 peditum,
525 2586 575 2666 qui
597 2592 658 2646 tum
674 2591 821 2647 steterunt
836 2585 866 2644 in
885 2585 961 2652 acie,
982 2581 1096 2644 milium
1115 2584 1167 2644 luit

185 2667 418 2747 tquadraginta,
441 2670 543 2730 dacem
556 2671 695 2750 equitum.
727 2668 816 2730 duces
837 2667 976 2729 cornibus
997 2674 1165 2747 praeerant:

212 2751 331 2812 sinistro
339 2752 520 2823 Hasdrubal,
533 2753 636 2815 dextro
643 2752 808 2821 Maharba13
820 2752 947 2812 mediam
960 2751 1053 2812 aciem
1060 2751 1164 2811 Hanni·

182 2831 258 2894 ebal
279 2835 342 2913 lpse
362 2853 429 2897 cum
450 2835 543 2898 fratre
562 2837 686 2915 blagone
707 2838 809 2897 tenuit
838 2835 884 2898 sol
902 2852 955 2895 scu
969 2834 1006 2894 de
1026 2833 1164 2894 industria

211 2917 251 2980 lto
265 2916 384 2988 locatis,
404 2935 457 2980 seu
472 2919 550 2996 quod
571 2919 647 2980 lorta
664 2922 703 2979 tta
719 2927 841 2991 stetere,
862 2924 1083 2998 peropportune
1096 2919 1163 2978 utri·

212 3020 268 3082 que
286 3003 363 3084 partl
376 3001 513 3084 obliquus
528 3009 605 3075 erat,
622 3003 763 3065 Romanis
777 3005 808 3064 in
823 3003 993 3072 meridiem,
1015 3002 1119 3062 Poenis
1134 3002 1163 3062 ln

182 3089 450 3168 tseptemtrionem
465 3089 566 3150 versis.
606 3096 710 3150 ventus
726 3122 761 3134 -
784 3087 955 3148 Volturnum
975 3086 1102 3164 regionis
1119 3085 1161 3145 in·

212 3169 292 3234 colae
308 3180 469 3235 vocant-
485 3173 624 3234 adversus
637 3173 777 3233 Romanis
796 3180 915 3232 coortus
934 3169 1027 3231 multo
1047 3167 1163 3249 pulvere

211 3254 242 3315 ln
259 3258 322 3336 ipss
338 3275 390 3318 ora
404 3255 546 3317 volvendo
558 3262 746 3336 prospectum
763 3255 879 3316 ademit

188 3343 200 3392 l
275 3338 384 3400 XLVll.
414 3338 548 3401 Hemone
564 3337 677 3400 sublato
692 3355 867 3418 procursum
884 3340 923 3400 ob
937 3337 1051 3398 auxiliis
1054 3343 1094 3425 ,et
1111 3353 1161 3415 pu·

213 3419 405 3493 pusionibus
430 3423 558 3500 primum
586 3423 683 3482 armis
704 3423 874 3491 commissa:
904 3421 1010 3483 deinde
1037 3418 1161 3499 equum
