<?xml version="1.0" encoding="UTF-8"?>
<!DOCTYPE html PUBLIC "-//W3C//DTD XHTML 1.0 Transitional//EN"
    "http://www.w3.org/TR/xhtml1/DTD/xhtml1-transitional.dtd">
<html xmlns="http://www.w3.org/1999/xhtml" xml:lang="en" lang="en">
 <head>
  <title>
</title>
<meta http-equiv="Content-Type" content="text/html;charset=utf-8" />
  <meta name='ocr-system' content='tesseract 3.04.00' />
  <meta name='ocr-capabilities' content='ocr_page ocr_carea ocr_par ocr_line ocrx_word'/>
</head>
<body>
  <div class='ocr_page' id='page_1' title='image "./aburbeconditali08livygoog_0422.png"; bbox 0 0 2542 3956; ppageno 0'>
   <div class='ocr_carea' id='block_1_1' title="bbox 219 197 1009 282">
    <p class='ocr_par' dir='ltr' id='par_1_1' title="bbox 219 197 1009 282">
     <span class='ocr_line' id='line_1_1' title="bbox 219 197 1009 282; baseline -0.016 -11"><span class='ocrx_word' id='word_1_1' title='bbox 219 213 284 276; x_wconf 77' lang='lat'><strong>284</strong></span> <span class='ocrx_word' id='word_1_2' title='bbox 393 225 487 267; x_wconf 79' lang='lat' dir='ltr'><strong>arnna</strong></span> <span class='ocrx_word' id='word_1_3' title='bbox 501 223 580 265; x_wconf 81' lang='lat'>1111.</span> <span class='ocrx_word' id='word_1_4' title='bbox 598 222 664 265; x_wconf 74' lang='lat' dir='ltr'><strong>oar.</strong></span> <span class='ocrx_word' id='word_1_5' title='bbox 682 210 725 261; x_wconf 76' lang='lat'><strong>24.</strong></span> <span class='ocrx_word' id='word_1_6' title='bbox 738 209 781 260; x_wconf 76' lang='lat'><strong>25.</strong></span> <span class='ocrx_word' id='word_1_7' title='bbox 799 197 840 282; x_wconf 87' lang='lat' dir='ltr'><strong>[a.</strong></span> <span class='ocrx_word' id='word_1_8' title='bbox 856 223 887 263; x_wconf 86' lang='lat' dir='ltr'><strong>u·</strong></span> <span class='ocrx_word' id='word_1_9' title='bbox 906 223 932 262; x_wconf 87' lang='lat' dir='ltr'><strong>c.</strong></span> <span class='ocrx_word' id='word_1_10' title='bbox 945 198 1009 282; x_wconf 71' lang='lat'><strong>537]</strong></span> 
     </span>
    </p>
   </div>
   <div class='ocr_carea' id='block_1_2' title="bbox 149 368 1253 3460">
    <p class='ocr_par' dir='ltr' id='par_1_2' title="bbox 219 368 1189 452">
     <span class='ocr_line' id='line_1_2' title="bbox 219 368 1189 452; baseline -0.005 -17"><span class='ocrx_word' id='word_1_11' title='bbox 219 381 280 435; x_wconf 90' lang='lat' dir='ltr'><strong>tem</strong></span> <span class='ocrx_word' id='word_1_12' title='bbox 302 373 449 452; x_wconf 82' lang='lat' dir='ltr'><strong>recepisse</strong></span> <span class='ocrx_word' id='word_1_13' title='bbox 464 390 547 443; x_wconf 88' lang='lat' dir='ltr'><strong>suos,</strong></span> <span class='ocrx_word' id='word_1_14' title='bbox 569 370 734 431; x_wconf 82' lang='lat' dir='ltr'><strong>Romanum</strong></span> <span class='ocrx_word' id='word_1_15' title='bbox 748 370 914 430; x_wconf 89' lang='lat' dir='ltr'><strong>insecutum</strong></span> <span class='ocrx_word' id='word_1_16' title='bbox 927 368 1083 430; x_wconf 85' lang='lat' dir='ltr'><strong>adiuvante</strong></span> <span class='ocrx_word' id='word_1_17' title='bbox 1097 369 1189 431; x_wconf 89' lang='lat' dir='ltr'><strong>Sam·</strong></span> 
     </span>
    </p>

    <p class='ocr_par' dir='ltr' id='par_1_3' title="bbox 179 451 1248 787">
     <span class='ocr_line' id='line_1_3' title="bbox 179 451 1188 533; baseline -0.003 -15"><span class='ocrx_word' id='word_1_18' title='bbox 179 467 212 518; x_wconf 79' lang='lat'><strong>14</strong></span> <span class='ocrx_word' id='word_1_19' title='bbox 222 459 281 518; x_wconf 90' lang='lat' dir='ltr'><strong>nite</strong></span> <span class='ocrx_word' id='word_1_20' title='bbox 300 456 357 518; x_wconf 93' lang='lat' dir='ltr'><strong>duo</strong></span> <span class='ocrx_word' id='word_1_21' title='bbox 378 455 496 517; x_wconf 89' lang='lat' dir='ltr'><strong>castella</strong></span> <span class='ocrx_word' id='word_1_22' title='bbox 520 471 555 515; x_wconf 93' lang='lat' dir='ltr'><strong>eo</strong></span> <span class='ocrx_word' id='word_1_23' title='bbox 579 454 627 514; x_wconf 91' lang='lat' dir='ltr'><strong>dic</strong></span> <span class='ocrx_word' id='word_1_24' title='bbox 648 470 840 533; x_wconf 83' lang='lat' dir='ltr'><strong>expugnasse.</strong></span> <span class='ocrx_word' id='word_1_25' title='bbox 882 470 934 512; x_wconf 88' lang='lat' dir='ltr'><strong>sex</strong></span> <span class='ocrx_word' id='word_1_26' title='bbox 950 451 1030 513; x_wconf 90' lang='lat' dir='ltr'><strong>milla</strong></span> <span class='ocrx_word' id='word_1_27' title='bbox 1045 452 1188 514; x_wconf 88' lang='lat' dir='ltr'><strong>lbostlum</strong></span> 
     </span>
     <span class='ocr_line' id='line_1_4' title="bbox 221 535 1189 621; baseline -0.005 -20"><span class='ocrx_word' id='word_1_28' title='bbox 221 559 320 612; x_wconf 89' lang='lat' dir='ltr'><strong>caesa,</strong></span> <span class='ocrx_word' id='word_1_29' title='bbox 333 541 463 621; x_wconf 92' lang='lat' dir='ltr'><strong>quinque</strong></span> <span class='ocrx_word' id='word_1_30' title='bbox 477 537 633 600; x_wconf 82' lang='lat' dir='ltr'><strong>admodum</strong></span> <span class='ocrx_word' id='word_1_31' title='bbox 649 535 864 598; x_wconf 85' lang='lat' dir='ltr'><strong>Romanorum:</strong></span> <span class='ocrx_word' id='word_1_32' title='bbox 880 543 979 596; x_wconf 90' lang='lat' dir='ltr'><strong>tamen</strong></span> <span class='ocrx_word' id='word_1_33' title='bbox 995 538 1027 596; x_wconf 92' lang='lat' dir='ltr'><strong>in</strong></span> <span class='ocrx_word' id='word_1_34' title='bbox 1041 543 1101 597; x_wconf 91' lang='lat' dir='ltr'><strong>tam</strong></span> <span class='ocrx_word' id='word_1_35' title='bbox 1119 539 1189 616; x_wconf 91' lang='lat' dir='ltr'><strong>pari</strong></span> 
     </span>
     <span class='ocr_line' id='line_1_5' title="bbox 219 619 1187 705; baseline -0.004 -21"><span class='ocrx_word' id='word_1_36' title='bbox 219 643 314 705; x_wconf 81' lang='lat' dir='ltr'><strong>prope</strong></span> <span class='ocrx_word' id='word_1_37' title='bbox 329 623 411 684; x_wconf 89' lang='lat' dir='ltr'><strong>clade</strong></span> <span class='ocrx_word' id='word_1_38' title='bbox 427 624 533 684; x_wconf 91' lang='lat' dir='ltr'><strong>lamam</strong></span> <span class='ocrx_word' id='word_1_39' title='bbox 546 621 682 701; x_wconf 75' lang='lat' dir='ltr'><strong>egregiae</strong></span> <span class='ocrx_word' id='word_1_40' title='bbox 693 621 833 680; x_wconf 82' lang='lat' dir='ltr'><strong>victoriae</strong></span> <span class='ocrx_word' id='word_1_41' title='bbox 842 637 910 680; x_wconf 92' lang='lat' dir='ltr'><strong>cum</strong></span> <span class='ocrx_word' id='word_1_42' title='bbox 921 619 1091 680; x_wconf 87' lang='lat' dir='ltr'><strong>vanioribus</strong></span> <span class='ocrx_word' id='word_1_43' title='bbox 1104 619 1187 680; x_wconf 91' lang='lat' dir='ltr'><strong>litte·</strong></span> 
     </span>
     <span class='ocr_line' id='line_1_6' title="bbox 221 704 870 787; baseline -0.008 -19"><span class='ocrx_word' id='word_1_44' title='bbox 221 711 264 784; x_wconf 75' lang='lat' dir='ltr'><strong>ris</strong></span> <span class='ocrx_word' id='word_1_45' title='bbox 265 710 412 786; x_wconf 75' lang='lat' dir='ltr'><strong>magistri</strong></span> <span class='ocrx_word' id='word_1_46' title='bbox 428 709 558 787; x_wconf 90' lang='lat' dir='ltr'><strong>equitum</strong></span> <span class='ocrx_word' id='word_1_47' title='bbox 579 705 702 766; x_wconf 85' lang='lat' dir='ltr'><strong>Romam</strong></span> <span class='ocrx_word' id='word_1_48' title='bbox 717 704 870 784; x_wconf 87' lang='lat' dir='ltr'><strong>perlatam.</strong></span> 
     </span>
    </p>

    <p class='ocr_par' dir='ltr' id='par_1_4' title="bbox 167 787 1186 867">
     <span class='ocr_line' id='line_1_7' title="bbox 167 787 1186 867; baseline -0.001 -19"><span class='ocrx_word' id='word_1_49' title='bbox 167 799 209 848; x_wconf 56' lang='grc' dir='ltr'><strong>»ι</strong></span> <span class='ocrx_word' id='word_1_50' title='bbox 282 791 367 852; x_wconf 85' lang='lat' dir='ltr'><strong>XXV.</strong></span> <span class='ocrx_word' id='word_1_51' title='bbox 398 789 439 851; x_wconf 88' lang='lat' dir='ltr'><strong>De</strong></span> <span class='ocrx_word' id='word_1_52' title='bbox 458 793 495 850; x_wconf 91' lang='lat' dir='ltr'><strong>iis</strong></span> <span class='ocrx_word' id='word_1_53' title='bbox 516 789 605 851; x_wconf 90' lang='lat' dir='ltr'><strong>rebus</strong></span> <span class='ocrx_word' id='word_1_54' title='bbox 624 805 767 867; x_wconf 84' lang='lat' dir='ltr'><strong>persaepe</strong></span> <span class='ocrx_word' id='word_1_55' title='bbox 789 794 818 848; x_wconf 89' lang='lat' dir='ltr'><strong>et</strong></span> <span class='ocrx_word' id='word_1_56' title='bbox 836 787 867 847; x_wconf 90' lang='lat' dir='ltr'><strong>iu</strong></span> <span class='ocrx_word' id='word_1_57' title='bbox 888 793 992 848; x_wconf 86' lang='lat' dir='ltr'><strong>senatu</strong></span> <span class='ocrx_word' id='word_1_58' title='bbox 1007 794 1036 848; x_wconf 93' lang='lat' dir='ltr'><strong>et</strong></span> <span class='ocrx_word' id='word_1_59' title='bbox 1056 787 1089 847; x_wconf 91' lang='lat' dir='ltr'><strong>in</strong></span> <span class='ocrx_word' id='word_1_60' title='bbox 1112 803 1186 847; x_wconf 93' lang='lat' dir='ltr'><strong>con-</strong></span> 
     </span>
    </p>

    <p class='ocr_par' dir='ltr' id='par_1_5' title="bbox 194 869 1186 1024">
     <span class='ocr_line' id='line_1_8' title="bbox 194 869 1186 936; baseline -0.001 -5"><span class='ocrx_word' id='word_1_61' title='bbox 194 877 301 936; x_wconf 86' lang='lat' dir='ltr'><strong>2tione</strong></span> <span class='ocrx_word' id='word_1_62' title='bbox 324 883 420 936; x_wconf 87' lang='lat' dir='ltr'><strong>actum</strong></span> <span class='ocrx_word' id='word_1_63' title='bbox 442 882 495 934; x_wconf 76' lang='lat' dir='ltr'><strong>est,</strong></span> <span class='ocrx_word' id='word_1_64' title='bbox 541 890 608 933; x_wconf 91' lang='lat' dir='ltr'><strong>cum</strong></span> <span class='ocrx_word' id='word_1_65' title='bbox 633 870 709 932; x_wconf 89' lang='lat' dir='ltr'><strong>laeta</strong></span> <span class='ocrx_word' id='word_1_66' title='bbox 730 872 846 932; x_wconf 80' lang='lat' dir='ltr'><strong>civitate</strong></span> <span class='ocrx_word' id='word_1_67' title='bbox 869 869 994 932; x_wconf 89' lang='lat' dir='ltr'><strong>dictator</strong></span> <span class='ocrx_word' id='word_1_68' title='bbox 1012 889 1091 931; x_wconf 90' lang='lat' dir='ltr'><strong>uuus</strong></span> <span class='ocrx_word' id='word_1_69' title='bbox 1110 871 1186 932; x_wconf 93' lang='lat' dir='ltr'><strong>nibil</strong></span> 
     </span>
     <span class='ocr_line' id='line_1_9' title="bbox 224 955 1177 1024; baseline -0.006 -4"><span class='ocrx_word' id='word_1_70' title='bbox 224 977 280 1020; x_wconf 90' lang='lat' dir='ltr'><strong>nec</strong></span> <span class='ocrx_word' id='word_1_71' title='bbox 300 959 396 1018; x_wconf 86' lang='lat' dir='ltr'><strong>lamae</strong></span> <span class='ocrx_word' id='word_1_72' title='bbox 412 975 467 1016; x_wconf 92' lang='lat' dir='ltr'><strong>nec</strong></span> <span class='ocrx_word' id='word_1_73' title='bbox 487 955 592 1017; x_wconf 89' lang='lat' dir='ltr'><strong>litteris</strong></span> <span class='ocrx_word' id='word_1_74' title='bbox 607 955 742 1016; x_wconf 90' lang='lat' dir='ltr'><strong>crederet</strong></span> <span class='ocrx_word' id='word_1_75' title='bbox 756 963 797 1024; x_wconf 87' lang='lat' dir='ltr'><strong>et,</strong></span> <span class='ocrx_word' id='word_1_76' title='bbox 821 962 854 1015; x_wconf 91' lang='lat' dir='ltr'><strong>ut</strong></span> <span class='ocrx_word' id='word_1_77' title='bbox 876 973 942 1015; x_wconf 88' lang='lat' dir='ltr'><strong>vera</strong></span> <span class='ocrx_word' id='word_1_78' title='bbox 958 957 1057 1015; x_wconf 89' lang='lat' dir='ltr'><strong>omnia</strong></span> <span class='ocrx_word' id='word_1_79' title='bbox 1074 965 1177 1015; x_wconf 87' lang='lat' dir='ltr'><strong>essent</strong></span> 
     </span>
    </p>

    <p class='ocr_par' dir='ltr' id='par_1_6' title="bbox 192 1036 1184 1202">
     <span class='ocr_line' id='line_1_10' title="bbox 192 1036 1184 1120; baseline -0.002 -20"><span class='ocrx_word' id='word_1_80' title='bbox 192 1041 350 1103; x_wconf 67' lang='lat' dir='ltr'><strong>saecunda</strong></span> <span class='ocrx_word' id='word_1_81' title='bbox 371 1057 403 1100; x_wconf 92' lang='lat' dir='ltr'><strong>se</strong></span> <span class='ocrx_word' id='word_1_82' title='bbox 424 1042 516 1118; x_wconf 90' lang='lat' dir='ltr'><strong>magis</strong></span> <span class='ocrx_word' id='word_1_83' title='bbox 534 1057 619 1120; x_wconf 91' lang='lat' dir='ltr'><strong>quam</strong></span> <span class='ocrx_word' id='word_1_84' title='bbox 641 1037 762 1099; x_wconf 86' lang='lat' dir='ltr'><strong>adversa</strong></span> <span class='ocrx_word' id='word_1_85' title='bbox 785 1039 890 1099; x_wconf 86' lang='lat' dir='ltr'><strong>timere</strong></span> <span class='ocrx_word' id='word_1_86' title='bbox 912 1039 1039 1109; x_wconf 88' lang='lat' dir='ltr'><strong>diceret,</strong></span> <span class='ocrx_word' id='word_1_87' title='bbox 1061 1045 1127 1099; x_wconf 89' lang='lat' dir='ltr'><strong>tum</strong></span> <span class='ocrx_word' id='word_1_88' title='bbox 1140 1036 1184 1100; x_wconf 87' lang='lat' dir='ltr'><strong>M.</strong></span> 
     </span>
     <span class='ocr_line' id='line_1_11' title="bbox 220 1121 1184 1202; baseline -0.004 -16"><span class='ocrx_word' id='word_1_89' title='bbox 220 1123 353 1186; x_wconf 82' lang='lat' dir='ltr'><strong>Metellus</strong></span> <span class='ocrx_word' id='word_1_90' title='bbox 378 1122 514 1185; x_wconf 88' lang='lat' dir='ltr'><strong>tribunus</strong></span> <span class='ocrx_word' id='word_1_91' title='bbox 540 1123 634 1202; x_wconf 90' lang='lat' dir='ltr'><strong>plebis</strong></span> <span class='ocrx_word' id='word_1_92' title='bbox 658 1121 689 1183; x_wconf 94' lang='lat' dir='ltr'><strong>id</strong></span> <span class='ocrx_word' id='word_1_93' title='bbox 709 1124 788 1184; x_wconf 89' lang='lat' dir='ltr'><strong>enirn</strong></span> <span class='ocrx_word' id='word_1_94' title='bbox 812 1121 966 1182; x_wconf 86' lang='lat' dir='ltr'><strong>ferendum</strong></span> <span class='ocrx_word' id='word_1_95' title='bbox 989 1139 1054 1182; x_wconf 87' lang='lat' dir='ltr'><strong>esse</strong></span> <span class='ocrx_word' id='word_1_96' title='bbox 1078 1131 1184 1201; x_wconf 89' lang='lat' dir='ltr'><strong>negat:</strong></span> 
     </span>
    </p>

    <p class='ocr_par' dir='ltr' id='par_1_7' title="bbox 194 1205 1185 1288">
     <span class='ocr_line' id='line_1_12' title="bbox 194 1205 1185 1288; baseline -0.001 -21"><span class='ocrx_word' id='word_1_97' title='bbox 194 1217 282 1269; x_wconf 75' lang='lat' dir='ltr'><strong>tnon</strong></span> <span class='ocrx_word' id='word_1_98' title='bbox 297 1214 483 1288; x_wconf 82' lang='lat' dir='ltr'><strong>praesentem</strong></span> <span class='ocrx_word' id='word_1_99' title='bbox 501 1207 594 1268; x_wconf 92' lang='lat' dir='ltr'><strong>solum</strong></span> <span class='ocrx_word' id='word_1_100' title='bbox 612 1207 786 1266; x_wconf 90' lang='lat' dir='ltr'><strong>dictatorem</strong></span> <span class='ocrx_word' id='word_1_101' title='bbox 801 1205 948 1267; x_wconf 89' lang='lat' dir='ltr'><strong>obstitisse</strong></span> <span class='ocrx_word' id='word_1_102' title='bbox 968 1208 1013 1266; x_wconf 90' lang='lat' dir='ltr'><strong>rei</strong></span> <span class='ocrx_word' id='word_1_103' title='bbox 1033 1205 1112 1267; x_wconf 91' lang='lat' dir='ltr'><strong>bene</strong></span> <span class='ocrx_word' id='word_1_104' title='bbox 1134 1223 1185 1285; x_wconf 93' lang='lat' dir='ltr'><strong>ge·</strong></span> 
     </span>
    </p>

    <p class='ocr_par' dir='ltr' id='par_1_8' title="bbox 167 1289 1184 1368">
     <span class='ocr_line' id='line_1_13' title="bbox 167 1289 1184 1368; baseline -0.003 -15"><span class='ocrx_word' id='word_1_105' title='bbox 167 1295 185 1333; x_wconf 79' lang='lat'><em>⁰</em></span> <span class='ocrx_word' id='word_1_106' title='bbox 221 1292 345 1362; x_wconf 89' lang='lat' dir='ltr'><strong>rendae,</strong></span> <span class='ocrx_word' id='word_1_107' title='bbox 367 1291 418 1352; x_wconf 91' lang='lat' dir='ltr'><strong>sed</strong></span> <span class='ocrx_word' id='word_1_108' title='bbox 433 1291 585 1352; x_wconf 80' lang='lat' dir='ltr'><strong>absentem</strong></span> <span class='ocrx_word' id='word_1_109' title='bbox 602 1291 688 1352; x_wconf 92' lang='lat' dir='ltr'><strong>etiam</strong></span> <span class='ocrx_word' id='word_1_110' title='bbox 707 1297 806 1368; x_wconf 80' lang='lat' dir='ltr'><strong>gestae</strong></span> <span class='ocrx_word' id='word_1_111' title='bbox 820 1289 938 1350; x_wconf 91' lang='lat' dir='ltr'><strong>obstare</strong></span> <span class='ocrx_word' id='word_1_112' title='bbox 955 1298 985 1350; x_wconf 90' lang='lat' dir='ltr'><strong>et</strong></span> <span class='ocrx_word' id='word_1_113' title='bbox 999 1291 1030 1350; x_wconf 92' lang='lat' dir='ltr'><strong>in</strong></span> <span class='ocrx_word' id='word_1_114' title='bbox 1045 1289 1184 1351; x_wconf 91' lang='lat' dir='ltr'><strong>ducendo</strong></span> 
     </span>
    </p>

    <p class='ocr_par' dir='ltr' id='par_1_9' title="bbox 149 1373 1252 1956">
     <span class='ocr_line' id='line_1_14' title="bbox 149 1373 1185 1458; baseline -0.003 -21"><span class='ocrx_word' id='word_1_115' title='bbox 149 1397 152 1404; x_wconf 58' lang='lat'><strong><em>¹</em></strong></span> <span class='ocrx_word' id='word_1_116' title='bbox 220 1375 299 1437; x_wconf 93' lang='lat' dir='ltr'><strong>bello</strong></span> <span class='ocrx_word' id='word_1_117' title='bbox 312 1373 376 1458; x_wconf 91' lang='lat' dir='ltr'><strong>[ac]</strong></span> <span class='ocrx_word' id='word_1_118' title='bbox 388 1375 505 1445; x_wconf 91' lang='lat' dir='ltr'><strong>sedulo,</strong></span> <span class='ocrx_word' id='word_1_119' title='bbox 522 1383 636 1453; x_wconf 93' lang='lat' dir='ltr'><strong>tempus</strong></span> <span class='ocrx_word' id='word_1_120' title='bbox 647 1381 758 1442; x_wconf 88' lang='lat' dir='ltr'><strong>terere,</strong></span> <span class='ocrx_word' id='word_1_121' title='bbox 776 1393 833 1454; x_wconf 90' lang='lat' dir='ltr'><strong>quo</strong></span> <span class='ocrx_word' id='word_1_122' title='bbox 846 1374 954 1434; x_wconf 90' lang='lat' dir='ltr'><strong>diutius</strong></span> <span class='ocrx_word' id='word_1_123' title='bbox 968 1375 999 1433; x_wconf 90' lang='lat' dir='ltr'><strong>in</strong></span> <span class='ocrx_word' id='word_1_124' title='bbox 1009 1375 1185 1452; x_wconf 85' lang='lat' dir='ltr'><strong>magistratu</strong></span> 
     </span>
     <span class='ocr_line' id='line_1_15' title="bbox 221 1455 1183 1540; baseline -0.003 -20"><span class='ocrx_word' id='word_1_125' title='bbox 221 1461 259 1521; x_wconf 87' lang='lat' dir='ltr'><strong>sit</strong></span> <span class='ocrx_word' id='word_1_126' title='bbox 278 1459 414 1540; x_wconf 88' lang='lat' dir='ltr'><strong>solusque</strong></span> <span class='ocrx_word' id='word_1_127' title='bbox 436 1467 465 1519; x_wconf 93' lang='lat' dir='ltr'><strong>et</strong></span> <span class='ocrx_word' id='word_1_128' title='bbox 484 1459 595 1520; x_wconf 86' lang='lat' dir='ltr'><strong>llomae</strong></span> <span class='ocrx_word' id='word_1_129' title='bbox 617 1465 646 1518; x_wconf 93' lang='lat' dir='ltr'><strong>et</strong></span> <span class='ocrx_word' id='word_1_130' title='bbox 672 1458 703 1517; x_wconf 92' lang='lat' dir='ltr'><strong>in</strong></span> <span class='ocrx_word' id='word_1_131' title='bbox 728 1457 859 1519; x_wconf 85' lang='lat' dir='ltr'><strong>exercitu</strong></span> <span class='ocrx_word' id='word_1_132' title='bbox 879 1457 1037 1537; x_wconf 81' lang='lat' dir='ltr'><strong>Imperium</strong></span> <span class='ocrx_word' id='word_1_133' title='bbox 1058 1455 1183 1517; x_wconf 88' lang='lat' dir='ltr'><strong>habeat:</strong></span> 
     </span>
     <span class='ocr_line' id='line_1_16' title="bbox 192 1540 1184 1625; baseline 0.001 -25"><span class='ocrx_word' id='word_1_134' title='bbox 192 1545 329 1625; x_wconf 73' lang='lat' dir='ltr'><strong>equippe</strong></span> <span class='ocrx_word' id='word_1_135' title='bbox 346 1541 498 1605; x_wconf 89' lang='lat' dir='ltr'><strong>consulum</strong></span> <span class='ocrx_word' id='word_1_136' title='bbox 511 1541 636 1604; x_wconf 85' lang='lat' dir='ltr'><strong>alterum</strong></span> <span class='ocrx_word' id='word_1_137' title='bbox 653 1543 685 1600; x_wconf 92' lang='lat' dir='ltr'><strong>in</strong></span> <span class='ocrx_word' id='word_1_138' title='bbox 696 1543 758 1601; x_wconf 91' lang='lat' dir='ltr'><strong>acie</strong></span> <span class='ocrx_word' id='word_1_139' title='bbox 772 1541 926 1612; x_wconf 89' lang='lat' dir='ltr'><strong>cecidisse,</strong></span> <span class='ocrx_word' id='word_1_140' title='bbox 943 1540 1069 1602; x_wconf 90' lang='lat' dir='ltr'><strong>alterum</strong></span> <span class='ocrx_word' id='word_1_141' title='bbox 1085 1543 1184 1620; x_wconf 87' lang='lat' dir='ltr'><strong>specio</strong></span> 
     </span>
     <span class='ocr_line' id='line_1_17' title="bbox 221 1623 1252 1724; baseline -0.003 -37"><span class='ocrx_word' id='word_1_142' title='bbox 221 1626 323 1687; x_wconf 89' lang='lat' dir='ltr'><strong>classis</strong></span> <span class='ocrx_word' id='word_1_143' title='bbox 338 1627 465 1687; x_wconf 90' lang='lat' dir='ltr'><strong>Punicae</strong></span> <span class='ocrx_word' id='word_1_144' title='bbox 481 1624 703 1704; x_wconf 90' lang='lat' dir='ltr'><strong>persequendae</strong></span> <span class='ocrx_word' id='word_1_145' title='bbox 724 1623 827 1705; x_wconf 92' lang='lat' dir='ltr'><strong>procul</strong></span> <span class='ocrx_word' id='word_1_146' title='bbox 844 1623 977 1685; x_wconf 86' lang='lat' dir='ltr'><strong>abitalia</strong></span> <span class='ocrx_word' id='word_1_147' title='bbox 997 1623 1183 1703; x_wconf 66' lang='lat' dir='ltr'><strong>ablegatum</strong></span> <span class='ocrx_word' id='word_1_148' title='bbox 1251 1676 1252 1724; x_wconf 62' lang='lat' dir='ltr'><strong>p</strong></span> 
     </span>
     <span class='ocr_line' id='line_1_18' title="bbox 193 1707 1252 1789; baseline 0.001 -21"><span class='ocrx_word' id='word_1_149' title='bbox 193 1709 295 1770; x_wconf 78' lang='lat' dir='ltr'><strong>nduos</strong></span> <span class='ocrx_word' id='word_1_150' title='bbox 323 1716 475 1788; x_wconf 93' lang='lat' dir='ltr'><strong>praetores</strong></span> <span class='ocrx_word' id='word_1_151' title='bbox 504 1707 602 1768; x_wconf 81' lang='lat' dir='ltr'><strong>Sicilia</strong></span> <span class='ocrx_word' id='word_1_152' title='bbox 634 1714 720 1786; x_wconf 87' lang='lat' dir='ltr'><strong>atque</strong></span> <span class='ocrx_word' id='word_1_153' title='bbox 749 1708 882 1769; x_wconf 89' lang='lat' dir='ltr'><strong>Sardinia</strong></span> <span class='ocrx_word' id='word_1_154' title='bbox 911 1714 1085 1789; x_wconf 86' lang='lat' dir='ltr'><strong>occupatos,</strong></span> <span class='ocrx_word' id='word_1_155' title='bbox 1116 1727 1184 1769; x_wconf 88' lang='lat' dir='ltr'><strong>curn</strong></span> <span class='ocrx_word' id='word_1_156' title='bbox 1251 1727 1252 1784; x_wconf 53' lang='lat' dir='ltr'><strong>l</strong></span> 
     </span>
     <span class='ocr_line' id='line_1_19' title="bbox 220 1791 1184 1872; baseline -0.001 -19"><span class='ocrx_word' id='word_1_157' title='bbox 220 1799 324 1853; x_wconf 90' lang='lat' dir='ltr'><strong>neutra</strong></span> <span class='ocrx_word' id='word_1_158' title='bbox 348 1792 404 1851; x_wconf 89' lang='lat' dir='ltr'><strong>boo</strong></span> <span class='ocrx_word' id='word_1_159' title='bbox 425 1798 557 1871; x_wconf 88' lang='lat' dir='ltr'><strong>tempore</strong></span> <span class='ocrx_word' id='word_1_160' title='bbox 580 1792 730 1871; x_wconf 86' lang='lat' dir='ltr'><strong>provincia</strong></span> <span class='ocrx_word' id='word_1_161' title='bbox 751 1799 887 1872; x_wconf 90' lang='lat' dir='ltr'><strong>praetore</strong></span> <span class='ocrx_word' id='word_1_162' title='bbox 908 1798 1006 1870; x_wconf 83' lang='lat' dir='ltr'><strong>egeat,</strong></span> <span class='ocrx_word' id='word_1_163' title='bbox 1029 1791 1068 1853; x_wconf 86' lang='lat' dir='ltr'><strong>ll.</strong></span> <span class='ocrx_word' id='word_1_164' title='bbox 1087 1791 1184 1853; x_wconf 85' lang='lat' dir='ltr'><strong>blinn·</strong></span> 
     </span>
     <span class='ocr_line' id='line_1_20' title="bbox 220 1875 1185 1956; baseline 0 -20"><span class='ocrx_word' id='word_1_165' title='bbox 220 1877 297 1936; x_wconf 92' lang='lat' dir='ltr'><strong>olum</strong></span> <span class='ocrx_word' id='word_1_166' title='bbox 313 1876 484 1953; x_wconf 90' lang='lat' dir='ltr'><strong>magistrum</strong></span> <span class='ocrx_word' id='word_1_167' title='bbox 501 1877 646 1955; x_wconf 88' lang='lat' dir='ltr'><strong>equitum,</strong></span> <span class='ocrx_word' id='word_1_168' title='bbox 666 1893 704 1936; x_wconf 90' lang='lat' dir='ltr'><strong>ne</strong></span> <span class='ocrx_word' id='word_1_169' title='bbox 722 1875 837 1936; x_wconf 89' lang='lat' dir='ltr'><strong>bostem</strong></span> <span class='ocrx_word' id='word_1_170' title='bbox 851 1875 977 1948; x_wconf 87' lang='lat' dir='ltr'><strong>rideret,</strong></span> <span class='ocrx_word' id='word_1_171' title='bbox 1000 1875 1127 1956; x_wconf 90' lang='lat' dir='ltr'><strong>nequid</strong></span> <span class='ocrx_word' id='word_1_172' title='bbox 1142 1878 1185 1936; x_wconf 89' lang='lat' dir='ltr'><strong>rei</strong></span> 
     </span>
    </p>

    <p class='ocr_par' dir='ltr' id='par_1_10' title="bbox 191 1957 1253 2374">
     <span class='ocr_line' id='line_1_21' title="bbox 191 1957 1253 2046; baseline 0.003 -30"><span class='ocrx_word' id='word_1_173' title='bbox 191 1959 342 2021; x_wconf 79' lang='lat' dir='ltr'><strong>tbollicae</strong></span> <span class='ocrx_word' id='word_1_174' title='bbox 355 1967 485 2038; x_wconf 84' lang='lat' dir='ltr'><strong>gereret,</strong></span> <span class='ocrx_word' id='word_1_175' title='bbox 503 1977 596 2038; x_wconf 86' lang='lat' dir='ltr'><strong>prope</strong></span> <span class='ocrx_word' id='word_1_176' title='bbox 612 1960 642 2018; x_wconf 94' lang='lat' dir='ltr'><strong>in</strong></span> <span class='ocrx_word' id='word_1_177' title='bbox 654 1957 817 2020; x_wconf 87' lang='lat' dir='ltr'><strong>custodiam</strong></span> <span class='ocrx_word' id='word_1_178' title='bbox 829 1958 970 2020; x_wconf 90' lang='lat' dir='ltr'><strong>habitum.</strong></span> <span class='ocrx_word' id='word_1_179' title='bbox 999 1962 1100 2039; x_wconf 89' lang='lat' dir='ltr'><strong>itaque</strong></span> <span class='ocrx_word' id='word_1_180' title='bbox 1115 1959 1184 2019; x_wconf 89' lang='lat' dir='ltr'><strong>her·</strong></span> <span class='ocrx_word' id='word_1_181' title='bbox 1252 1970 1253 2046; x_wconf 63' lang='lat' dir='ltr'><strong>l</strong></span> 
     </span>
     <span class='ocr_line' id='line_1_22' title="bbox 220 2041 1253 2123; baseline -0.005 -20"><span class='ocrx_word' id='word_1_182' title='bbox 220 2042 286 2104; x_wconf 85' lang='lat' dir='ltr'><strong>culo</strong></span> <span class='ocrx_word' id='word_1_183' title='bbox 302 2062 361 2104; x_wconf 92' lang='lat' dir='ltr'><strong>non</strong></span> <span class='ocrx_word' id='word_1_184' title='bbox 378 2043 529 2105; x_wconf 87' lang='lat' dir='ltr'><strong>Samnium</strong></span> <span class='ocrx_word' id='word_1_185' title='bbox 548 2042 652 2113; x_wconf 91' lang='lat' dir='ltr'><strong>modo,</strong></span> <span class='ocrx_word' id='word_1_186' title='bbox 676 2059 733 2122; x_wconf 90' lang='lat' dir='ltr'><strong>quo</strong></span> <span class='ocrx_word' id='word_1_187' title='bbox 748 2043 807 2102; x_wconf 90' lang='lat' dir='ltr'><strong>iam</strong></span> <span class='ocrx_word' id='word_1_188' title='bbox 824 2049 972 2123; x_wconf 90' lang='lat' dir='ltr'><strong>tamquam</strong></span> <span class='ocrx_word' id='word_1_189' title='bbox 992 2051 1075 2104; x_wconf 91' lang='lat' dir='ltr'><strong>trans</strong></span> <span class='ocrx_word' id='word_1_190' title='bbox 1093 2041 1183 2104; x_wconf 79' lang='lat' dir='ltr'><strong>nine-</strong></span> <span class='ocrx_word' id='word_1_191' title='bbox 1252 2047 1253 2098; x_wconf 84' lang='lat' dir='ltr'><strong>l</strong></span> 
     </span>
     <span class='ocr_line' id='line_1_23' title="bbox 220 2121 1253 2206; baseline 0.002 -21"><span class='ocrx_word' id='word_1_192' title='bbox 220 2143 287 2186; x_wconf 93' lang='lat' dir='ltr'><strong>rum</strong></span> <span class='ocrx_word' id='word_1_193' title='bbox 303 2145 374 2204; x_wconf 92' lang='lat' dir='ltr'><strong>agro</strong></span> <span class='ocrx_word' id='word_1_194' title='bbox 389 2127 496 2187; x_wconf 90' lang='lat' dir='ltr'><strong>Poenis</strong></span> <span class='ocrx_word' id='word_1_195' title='bbox 511 2144 683 2187; x_wconf 90' lang='lat' dir='ltr'><strong>concessum</strong></span> <span class='ocrx_word' id='word_1_196' title='bbox 697 2128 749 2195; x_wconf 86' lang='lat' dir='ltr'><strong>slt;</strong></span> <span class='ocrx_word' id='word_1_197' title='bbox 762 2125 814 2186; x_wconf 91' lang='lat' dir='ltr'><strong>sed</strong></span> <span class='ocrx_word' id='word_1_198' title='bbox 830 2121 1010 2206; x_wconf 77' lang='lat' dir='ltr'><strong>Campanum</strong></span> <span class='ocrx_word' id='word_1_199' title='bbox 1025 2127 1183 2188; x_wconf 83' lang='lat' dir='ltr'><strong>Calenum·</strong></span> <span class='ocrx_word' id='word_1_200' title='bbox 1252 2127 1253 2134; x_wconf 74' lang='grc'>’</span> 
     </span>
     <span class='ocr_line' id='line_1_24' title="bbox 219 2207 1184 2290; baseline 0.001 -21"><span class='ocrx_word' id='word_1_201' title='bbox 219 2227 277 2290; x_wconf 91' lang='lat' dir='ltr'><strong>quc</strong></span> <span class='ocrx_word' id='word_1_202' title='bbox 297 2216 326 2269; x_wconf 92' lang='lat' dir='ltr'><strong>et</strong></span> <span class='ocrx_word' id='word_1_203' title='bbox 340 2207 497 2270; x_wconf 84' lang='lat' dir='ltr'><strong>Falernum</strong></span> <span class='ocrx_word' id='word_1_204' title='bbox 519 2229 622 2289; x_wconf 91' lang='lat' dir='ltr'><strong>agrum</strong></span> <span class='ocrx_word' id='word_1_205' title='bbox 643 2217 823 2290; x_wconf 88' lang='lat' dir='ltr'><strong>pervastatos</strong></span> <span class='ocrx_word' id='word_1_206' title='bbox 843 2227 907 2272; x_wconf 91' lang='lat' dir='ltr'><strong>esse</strong></span> <span class='ocrx_word' id='word_1_207' title='bbox 929 2209 1049 2273; x_wconf 83' lang='lat' dir='ltr'><strong>sedente</strong></span> <span class='ocrx_word' id='word_1_208' title='bbox 1063 2210 1184 2272; x_wconf 84' lang='lat' dir='ltr'><strong>Casilini</strong></span> 
     </span>
     <span class='ocr_line' id='line_1_25' title="bbox 220 2291 1183 2374; baseline 0.004 -22"><span class='ocrx_word' id='word_1_209' title='bbox 220 2292 362 2353; x_wconf 89' lang='lat' dir='ltr'><strong>dictatore</strong></span> <span class='ocrx_word' id='word_1_210' title='bbox 376 2302 405 2355; x_wconf 90' lang='lat' dir='ltr'><strong>et</strong></span> <span class='ocrx_word' id='word_1_211' title='bbox 420 2291 583 2371; x_wconf 84' lang='lat' dir='ltr'><strong>legionibus</strong></span> <span class='ocrx_word' id='word_1_212' title='bbox 593 2293 694 2374; x_wconf 91' lang='lat' dir='ltr'><strong>populi</strong></span> <span class='ocrx_word' id='word_1_213' title='bbox 705 2293 830 2354; x_wconf 87' lang='lat' dir='ltr'><strong>Romani</strong></span> <span class='ocrx_word' id='word_1_214' title='bbox 846 2311 949 2372; x_wconf 85' lang='lat' dir='ltr'><strong>agrum</strong></span> <span class='ocrx_word' id='word_1_215' title='bbox 961 2313 1046 2356; x_wconf 89' lang='lat' dir='ltr'><strong>suum</strong></span> <span class='ocrx_word' id='word_1_216' title='bbox 1058 2301 1183 2356; x_wconf 86' lang='lat' dir='ltr'><strong>tutante.</strong></span> 
     </span>
    </p>

    <p class='ocr_par' dir='ltr' id='par_1_11' title="bbox 191 2377 1184 2707">
     <span class='ocr_line' id='line_1_26' title="bbox 192 2377 1183 2458; baseline 0.004 -23"><span class='ocrx_word' id='word_1_217' title='bbox 192 2378 382 2439; x_wconf 80' lang='lat' dir='ltr'><strong>ltexercitum</strong></span> <span class='ocrx_word' id='word_1_218' title='bbox 399 2379 565 2457; x_wconf 91' lang='lat' dir='ltr'><strong>cupientem</strong></span> <span class='ocrx_word' id='word_1_219' title='bbox 580 2395 713 2457; x_wconf 90' lang='lat' dir='ltr'><strong>pugnare</strong></span> <span class='ocrx_word' id='word_1_220' title='bbox 729 2385 757 2438; x_wconf 91' lang='lat' dir='ltr'><strong>et</strong></span> <span class='ocrx_word' id='word_1_221' title='bbox 772 2379 944 2457; x_wconf 81' lang='lat' dir='ltr'><strong>magistrum</strong></span> <span class='ocrx_word' id='word_1_222' title='bbox 959 2379 1091 2458; x_wconf 90' lang='lat' dir='ltr'><strong>equitum</strong></span> <span class='ocrx_word' id='word_1_223' title='bbox 1105 2377 1183 2439; x_wconf 92' lang='lat' dir='ltr'><strong>clau·</strong></span> 
     </span>
     <span class='ocr_line' id='line_1_27' title="bbox 219 2461 1182 2542; baseline 0.002 -22"><span class='ocrx_word' id='word_1_224' title='bbox 219 2477 267 2520; x_wconf 91' lang='lat' dir='ltr'><strong>sos</strong></span> <span class='ocrx_word' id='word_1_225' title='bbox 279 2478 372 2539; x_wconf 94' lang='lat' dir='ltr'><strong>prope</strong></span> <span class='ocrx_word' id='word_1_226' title='bbox 382 2461 459 2521; x_wconf 91' lang='lat' dir='ltr'><strong>intra</strong></span> <span class='ocrx_word' id='word_1_227' title='bbox 471 2461 577 2522; x_wconf 92' lang='lat' dir='ltr'><strong>vallum</strong></span> <span class='ocrx_word' id='word_1_228' title='bbox 591 2468 737 2531; x_wconf 88' lang='lat' dir='ltr'><strong>retentos,</strong></span> <span class='ocrx_word' id='word_1_229' title='bbox 754 2468 902 2542; x_wconf 89' lang='lat' dir='ltr'><strong>tamquam</strong></span> <span class='ocrx_word' id='word_1_230' title='bbox 913 2461 1046 2524; x_wconf 90' lang='lat' dir='ltr'><strong>hostibus</strong></span> <span class='ocrx_word' id='word_1_231' title='bbox 1058 2463 1182 2540; x_wconf 86' lang='lat' dir='ltr'><strong>captivis</strong></span> 
     </span>
     <span class='ocr_line' id='line_1_28' title="bbox 191 2542 1184 2624; baseline 0.006 -23"><span class='ocrx_word' id='word_1_232' title='bbox 191 2550 302 2605; x_wconf 74' lang='lat' dir='ltr'><strong>narina</strong></span> <span class='ocrx_word' id='word_1_233' title='bbox 324 2542 468 2624; x_wconf 76' lang='lat' dir='ltr'><strong>adempta,</strong></span> <span class='ocrx_word' id='word_1_234' title='bbox 498 2543 630 2615; x_wconf 87' lang='lat' dir='ltr'><strong>taudem,</strong></span> <span class='ocrx_word' id='word_1_235' title='bbox 652 2552 684 2605; x_wconf 91' lang='lat' dir='ltr'><strong>ut</strong></span> <span class='ocrx_word' id='word_1_236' title='bbox 705 2544 880 2606; x_wconf 89' lang='lat' dir='ltr'><strong>abscesserit</strong></span> <span class='ocrx_word' id='word_1_237' title='bbox 899 2546 971 2620; x_wconf 83' lang='lat' dir='ltr'><strong>inde¹</strong></span> <span class='ocrx_word' id='word_1_238' title='bbox 985 2546 1128 2616; x_wconf 90' lang='lat' dir='ltr'><strong>dictator,</strong></span> <span class='ocrx_word' id='word_1_239' title='bbox 1152 2553 1184 2607; x_wconf 91' lang='lat' dir='ltr'><strong>ut</strong></span> 
     </span>
     <span class='ocr_line' id='line_1_29' title="bbox 218 2626 1182 2707; baseline 0.001 -19"><span class='ocrx_word' id='word_1_240' title='bbox 218 2626 371 2688; x_wconf 91' lang='lat' dir='ltr'><strong>obsidione</strong></span> <span class='ocrx_word' id='word_1_241' title='bbox 391 2627 545 2700; x_wconf 89' lang='lat' dir='ltr'><strong>liberatos,</strong></span> <span class='ocrx_word' id='word_1_242' title='bbox 568 2637 651 2689; x_wconf 85' lang='lat' dir='ltr'><strong>extra</strong></span> <span class='ocrx_word' id='word_1_243' title='bbox 674 2627 779 2690; x_wconf 79' lang='lat' dir='ltr'><strong>vallum</strong></span> <span class='ocrx_word' id='word_1_244' title='bbox 796 2647 930 2707; x_wconf 88' lang='lat' dir='ltr'><strong>egressos</strong></span> <span class='ocrx_word' id='word_1_245' title='bbox 954 2629 1064 2691; x_wconf 80' lang='lat' dir='ltr'><strong>fudisse</strong></span> <span class='ocrx_word' id='word_1_246' title='bbox 1080 2647 1117 2690; x_wconf 91' lang='lat' dir='ltr'><strong>ac</strong></span> <span class='ocrx_word' id='word_1_247' title='bbox 1138 2630 1182 2689; x_wconf 89' lang='lat' dir='ltr'><strong>lu-</strong></span> 
     </span>
    </p>

    <p class='ocr_par' dir='ltr' id='par_1_12' title="bbox 177 2711 1183 3043">
     <span class='ocr_line' id='line_1_30' title="bbox 177 2711 1182 2793; baseline 0.01 -29"><span class='ocrx_word' id='word_1_248' title='bbox 177 2715 210 2766; x_wconf 82' lang='grc' dir='ltr'><strong>ιο</strong></span> <span class='ocrx_word' id='word_1_249' title='bbox 221 2728 305 2788; x_wconf 89' lang='lat' dir='ltr'><strong>gasse</strong></span> <span class='ocrx_word' id='word_1_250' title='bbox 325 2711 427 2772; x_wconf 87' lang='lat' dir='ltr'><strong>bostis.</strong></span> <span class='ocrx_word' id='word_1_251' title='bbox 458 2729 529 2792; x_wconf 89' lang='lat' dir='ltr'><strong>quas</strong></span> <span class='ocrx_word' id='word_1_252' title='bbox 545 2711 583 2773; x_wconf 92' lang='lat' dir='ltr'><strong>ob</strong></span> <span class='ocrx_word' id='word_1_253' title='bbox 600 2729 664 2784; x_wconf 89' lang='lat' dir='ltr'><strong>res,</strong></span> <span class='ocrx_word' id='word_1_254' title='bbox 686 2714 711 2774; x_wconf 90' lang='lat' dir='ltr'><strong>si</strong></span> <span class='ocrx_word' id='word_1_255' title='bbox 727 2714 864 2793; x_wconf 90' lang='lat' dir='ltr'><strong>antiquus</strong></span> <span class='ocrx_word' id='word_1_256' title='bbox 880 2715 994 2774; x_wconf 90' lang='lat' dir='ltr'><strong>animus</strong></span> <span class='ocrx_word' id='word_1_257' title='bbox 1027 2712 1109 2774; x_wconf 90' lang='lat' dir='ltr'><strong>lebel</strong></span> <span class='ocrx_word' id='word_1_258' title='bbox 1123 2713 1182 2774; x_wconf 87' lang='lat' dir='ltr'><strong>llo-</strong></span> 
     </span>
     <span class='ocr_line' id='line_1_31' title="bbox 220 2731 1182 2879; baseline 0.006 -28"><span class='ocrx_word' id='word_1_259' title='bbox 220 2810 324 2852; x_wconf 88' lang='lat' dir='ltr'><strong>manae</strong></span> <span class='ocrx_word' id='word_1_260' title='bbox 340 2803 430 2864; x_wconf 87' lang='lat' dir='ltr'><strong>esset,</strong></span> <span class='ocrx_word' id='word_1_261' title='bbox 450 2796 600 2856; x_wconf 86' lang='lat' dir='ltr'><strong>audaciter</strong></span> <span class='ocrx_word' id='word_1_262' title='bbox 622 2813 654 2856; x_wconf 76' lang='lat' dir='ltr'><strong>ss</strong></span> <span class='ocrx_word' id='word_1_263' title='bbox 677 2795 802 2857; x_wconf 89' lang='lat' dir='ltr'><strong>laturum</strong></span> <span class='ocrx_word' id='word_1_264' title='bbox 820 2797 909 2857; x_wconf 89' lang='lat' dir='ltr'><strong>luisse</strong></span> <span class='ocrx_word' id='word_1_265' title='bbox 925 2731 1027 2879; x_wconf 50' lang='lat' dir='ltr'><strong>[deinff</strong></span> <span class='ocrx_word' id='word_1_266' title='bbox 1042 2795 1078 2856; x_wconf 91' lang='lat' dir='ltr'><strong>de</strong></span> <span class='ocrx_word' id='word_1_267' title='bbox 1094 2796 1182 2857; x_wconf 90' lang='lat' dir='ltr'><strong>abro-</strong></span> 
     </span>
     <span class='ocr_line' id='line_1_32' title="bbox 219 2875 1182 2961; baseline 0.007 -26"><span class='ocrx_word' id='word_1_268' title='bbox 219 2875 316 2954; x_wconf 88' lang='lat' dir='ltr'><strong>gando</strong></span> <span class='ocrx_word' id='word_1_269' title='bbox 333 2875 366 2946; x_wconf 88' lang='lat' dir='ltr'><strong>Q.</strong></span> <span class='ocrx_word' id='word_1_270' title='bbox 390 2876 462 2937; x_wconf 86' lang='lat' dir='ltr'><strong>Fabi</strong></span> <span class='ocrx_word' id='word_1_271' title='bbox 482 2880 621 2956; x_wconf 73' lang='lat' dir='ltr'><strong>imperior</strong></span> <span class='ocrx_word' id='word_1_272' title='bbox 643 2896 721 2939; x_wconf 90' lang='lat' dir='ltr'><strong>nunc</strong></span> <span class='ocrx_word' id='word_1_273' title='bbox 741 2881 884 2941; x_wconf 89' lang='lat' dir='ltr'><strong>modicam</strong></span> <span class='ocrx_word' id='word_1_274' title='bbox 905 2881 1089 2958; x_wconf 89' lang='lat' dir='ltr'><strong>rogationem</strong></span> <span class='ocrx_word' id='word_1_275' title='bbox 1112 2899 1182 2961; x_wconf 88' lang='lat' dir='ltr'><strong>pro·</strong></span> 
     </span>
     <span class='ocr_line' id='line_1_33' title="bbox 219 2957 1183 3043; baseline 0.005 -23"><span class='ocrx_word' id='word_1_276' title='bbox 219 2958 416 3037; x_wconf 88' lang='lat' dir='ltr'><strong>mulgaturum</strong></span> <span class='ocrx_word' id='word_1_277' title='bbox 439 2957 475 3019; x_wconf 95' lang='lat' dir='ltr'><strong>de</strong></span> <span class='ocrx_word' id='word_1_278' title='bbox 496 2960 648 3039; x_wconf 89' lang='lat' dir='ltr'><strong>aequando</strong></span> <span class='ocrx_word' id='word_1_279' title='bbox 671 2965 803 3040; x_wconf 90' lang='lat' dir='ltr'><strong>magistri</strong></span> <span class='ocrx_word' id='word_1_280' title='bbox 825 2964 954 3043; x_wconf 89' lang='lat' dir='ltr'><strong>equitum</strong></span> <span class='ocrx_word' id='word_1_281' title='bbox 978 2970 1008 3023; x_wconf 89' lang='lat' dir='ltr'><strong>et</strong></span> <span class='ocrx_word' id='word_1_282' title='bbox 1029 2963 1183 3026; x_wconf 75' lang='lat' dir='ltr'><strong>dictatorIs</strong></span> 
     </span>
    </p>

    <p class='ocr_par' dir='ltr' id='par_1_13' title="bbox 177 3043 1183 3210">
     <span class='ocr_line' id='line_1_34' title="bbox 177 3043 1182 3126; baseline 0.007 -25"><span class='ocrx_word' id='word_1_283' title='bbox 177 3050 207 3101; x_wconf 90' lang='lat'><strong>11</strong></span> <span class='ocrx_word' id='word_1_284' title='bbox 221 3045 295 3106; x_wconf 90' lang='lat' dir='ltr'><strong>iure.</strong></span> <span class='ocrx_word' id='word_1_285' title='bbox 323 3061 379 3104; x_wconf 91' lang='lat' dir='ltr'><strong>neo</strong></span> <span class='ocrx_word' id='word_1_286' title='bbox 397 3049 496 3104; x_wconf 90' lang='lat' dir='ltr'><strong>tamen</strong></span> <span class='ocrx_word' id='word_1_287' title='bbox 512 3060 549 3104; x_wconf 93' lang='lat' dir='ltr'><strong>ne</strong></span> <span class='ocrx_word' id='word_1_288' title='bbox 564 3045 604 3105; x_wconf 92' lang='lat' dir='ltr'><strong>ita</strong></span> <span class='ocrx_word' id='word_1_289' title='bbox 619 3043 736 3126; x_wconf 88' lang='lat' dir='ltr'><strong>quidem</strong></span> <span class='ocrx_word' id='word_1_290' title='bbox 753 3048 834 3126; x_wconf 89' lang='lat' dir='ltr'><strong>prius</strong></span> <span class='ocrx_word' id='word_1_291' title='bbox 852 3048 1028 3108; x_wconf 89' lang='lat' dir='ltr'><strong>mittendum</strong></span> <span class='ocrx_word' id='word_1_292' title='bbox 1043 3045 1081 3107; x_wconf 90' lang='lat' dir='ltr'><strong>ad</strong></span> <span class='ocrx_word' id='word_1_293' title='bbox 1097 3063 1182 3108; x_wconf 85' lang='lat' dir='ltr'><strong>exer·</strong></span> 
     </span>
     <span class='ocr_line' id='line_1_35' title="bbox 219 3125 1183 3210; baseline 0.004 -23"><span class='ocrx_word' id='word_1_294' title='bbox 219 3129 309 3189; x_wconf 92' lang='lat' dir='ltr'><strong>citum</strong></span> <span class='ocrx_word' id='word_1_295' title='bbox 331 3129 364 3200; x_wconf 87' lang='lat' dir='ltr'><strong>Q.</strong></span> <span class='ocrx_word' id='word_1_296' title='bbox 388 3125 525 3200; x_wconf 87' lang='lat' dir='ltr'><strong>Fabium,</strong></span> <span class='ocrx_word' id='word_1_297' title='bbox 550 3147 637 3210; x_wconf 91' lang='lat' dir='ltr'><strong>quam</strong></span> <span class='ocrx_word' id='word_1_298' title='bbox 658 3129 807 3192; x_wconf 92' lang='lat' dir='ltr'><strong>consulem</strong></span> <span class='ocrx_word' id='word_1_299' title='bbox 828 3132 859 3191; x_wconf 90' lang='lat' dir='ltr'><strong>iu</strong></span> <span class='ocrx_word' id='word_1_300' title='bbox 881 3130 978 3192; x_wconf 89' lang='lat' dir='ltr'><strong>locum</strong></span> <span class='ocrx_word' id='word_1_301' title='bbox 1004 3131 1035 3193; x_wconf 89' lang='lat' dir='ltr'><strong>C.</strong></span> <span class='ocrx_word' id='word_1_302' title='bbox 1054 3129 1183 3191; x_wconf 87' lang='lat' dir='ltr'><strong>Flamini</strong></span> 
     </span>
    </p>

    <p class='ocr_par' dir='ltr' id='par_1_14' title="bbox 180 3211 1182 3460">
     <span class='ocr_line' id='line_1_36' title="bbox 180 3211 1182 3276; baseline 0.007 -9"><span class='ocrx_word' id='word_1_303' title='bbox 180 3217 210 3268; x_wconf 83' lang='lat'><strong>12</strong></span> <span class='ocrx_word' id='word_1_304' title='bbox 222 3211 394 3272; x_wconf 80' lang='lat' dir='ltr'><strong>suffecisset.</strong></span> <span class='ocrx_word' id='word_1_305' title='bbox 440 3212 564 3274; x_wconf 90' lang='lat' dir='ltr'><strong>dictator</strong></span> <span class='ocrx_word' id='word_1_306' title='bbox 586 3213 771 3274; x_wconf 90' lang='lat' dir='ltr'><strong>contionibus</strong></span> <span class='ocrx_word' id='word_1_307' title='bbox 791 3232 823 3274; x_wconf 92' lang='lat' dir='ltr'><strong>se</strong></span> <span class='ocrx_word' id='word_1_308' title='bbox 845 3214 984 3276; x_wconf 87' lang='lat' dir='ltr'><strong>abstinuit</strong></span> <span class='ocrx_word' id='word_1_309' title='bbox 1010 3215 1042 3274; x_wconf 92' lang='lat' dir='ltr'><strong>in</strong></span> <span class='ocrx_word' id='word_1_310' title='bbox 1064 3217 1182 3275; x_wconf 89' lang='lat' dir='ltr'><strong>actione</strong></span> 
     </span>
     <span class='ocr_line' id='line_1_37' title="bbox 219 3295 1182 3376; baseline 0.008 -25"><span class='ocrx_word' id='word_1_311' title='bbox 219 3295 340 3353; x_wconf 88' lang='lat' dir='ltr'><strong>minime</strong></span> <span class='ocrx_word' id='word_1_312' title='bbox 352 3295 509 3374; x_wconf 89' lang='lat' dir='ltr'><strong>popularis.</strong></span> <span class='ocrx_word' id='word_1_313' title='bbox 531 3313 568 3355; x_wconf 90' lang='lat' dir='ltr'><strong>ne</strong></span> <span class='ocrx_word' id='word_1_314' title='bbox 579 3297 609 3356; x_wconf 94' lang='lat' dir='ltr'><strong>in</strong></span> <span class='ocrx_word' id='word_1_315' title='bbox 621 3304 725 3357; x_wconf 91' lang='lat' dir='ltr'><strong>senatu</strong></span> <span class='ocrx_word' id='word_1_316' title='bbox 737 3297 854 3376; x_wconf 89' lang='lat' dir='ltr'><strong>quidem</strong></span> <span class='ocrx_word' id='word_1_317' title='bbox 866 3300 935 3359; x_wconf 89' lang='lat' dir='ltr'><strong>satis</strong></span> <span class='ocrx_word' id='word_1_318' title='bbox 947 3299 1048 3376; x_wconf 88' lang='lat' dir='ltr'><strong>aequis</strong></span> <span class='ocrx_word' id='word_1_319' title='bbox 1060 3297 1182 3359; x_wconf 89' lang='lat' dir='ltr'><strong>auribus</strong></span> 
     </span>
     <span class='ocr_line' id='line_1_38' title="bbox 220 3375 1182 3460; baseline 0.008 -28"><span class='ocrx_word' id='word_1_320' title='bbox 220 3375 405 3444; x_wconf 89' lang='lat' dir='ltr'><strong>audiebatur,</strong></span> <span class='ocrx_word' id='word_1_321' title='bbox 420 3375 529 3456; x_wconf 76' lang='lat' dir='ltr'><strong>[launo]</strong></span> <span class='ocrx_word' id='word_1_322' title='bbox 542 3396 608 3437; x_wconf 91' lang='lat' dir='ltr'><strong>cum</strong></span> <span class='ocrx_word' id='word_1_323' title='bbox 620 3379 734 3439; x_wconf 87' lang='lat' dir='ltr'><strong>bostem</strong></span> <span class='ocrx_word' id='word_1_324' title='bbox 746 3380 842 3442; x_wconf 88' lang='lat' dir='ltr'><strong>verbis</strong></span> <span class='ocrx_word' id='word_1_325' title='bbox 855 3381 1007 3441; x_wconf 84' lang='lat' dir='ltr'><strong>extolleret</strong></span> <span class='ocrx_word' id='word_1_326' title='bbox 1019 3381 1182 3460; x_wconf 88' lang='lat' dir='ltr'><strong>biennique</strong></span> 
     </span>
    </p>
   </div>
   <div class='ocr_carea' id='block_1_3' title="bbox 220 3452 1182 3544">
    <p class='ocr_par' dir='ltr' id='par_1_15' title="bbox 220 3452 1182 3544">
     <span class='ocr_line' id='line_1_39' title="bbox 220 3452 1182 3544; baseline 0.015 -34"><span class='ocrx_word' id='word_1_327' title='bbox 220 3452 318 3514; x_wconf 89' lang='lat' dir='ltr'><strong>clades</strong></span> <span class='ocrx_word' id='word_1_328' title='bbox 332 3474 386 3533; x_wconf 92' lang='lat' dir='ltr'><strong>per</strong></span> <span class='ocrx_word' id='word_1_329' title='bbox 402 3461 596 3517; x_wconf 88' lang='lat' dir='ltr'><strong>temeritatem</strong></span> <span class='ocrx_word' id='word_1_330' title='bbox 612 3467 698 3538; x_wconf 93' lang='lat' dir='ltr'><strong>atque</strong></span> <span class='ocrx_word' id='word_1_331' title='bbox 717 3462 899 3524; x_wconf 89' lang='lat' dir='ltr'><strong>inscientiam</strong></span> <span class='ocrx_word' id='word_1_332' title='bbox 917 3464 1024 3524; x_wconf 89' lang='lat' dir='ltr'><strong>ducum</strong></span> <span class='ocrx_word' id='word_1_333' title='bbox 1043 3473 1182 3544; x_wconf 83' lang='lat' dir='ltr'><strong>acceptas</strong></span> 
     </span>
    </p>
   </div>
   <div class='ocr_carea' id='block_1_4' title="bbox 0 0 1276 3956">
    <p class='ocr_par' dir='ltr' id='par_1_16' title="bbox 0 0 1276 3956">
     <span class='ocr_line' id='line_1_40' title="bbox 0 0 1276 3956; baseline 0 1"><span class='ocrx_word' id='word_1_334' title='bbox 0 0 1276 3956; x_wconf 95' lang='lat' dir='ltr'><strong> </strong></span> 
     </span>
    </p>
   </div>
  </div>
 </body>
</html>
