2542 3956
212 199 274 264 282
358 213 453 256 mne
465 213 544 258 ωε.
555 210 624 255 om.
640 199 685 251 22.
699 198 743 254 23.
756 199 801 254 24.
817 185 858 273 [e.
873 211 905 253 a.
920 213 947 254 o.
961 189 1023 274 ott]

165 370 205 422 20
214 361 278 424 deri
299 367 429 441 poterat;
450 360 600 422 Romanus
614 361 712 439 primo
727 358 852 420 adventu
867 359 1036 436 incognitus
1051 365 1125 421 ante
1143 359 1186 422 ab

213 465 247 507 re
256 445 395 507 clementi
405 443 578 524 liberalique
588 445 706 504 initIum
719 442 845 513 feceram
862 448 891 502 et
901 441 1027 520 Abelux,
1043 444 1089 503 vir
1100 461 1185 524 pru-

165 535 203 588 21
216 528 304 600 dens,
326 527 405 590 haud
427 527 537 588 frustra
550 526 705 587 ridebatur
719 527 814 587 socios
833 532 970 587 mutasse.
1007 527 1108 606 itaque
1132 529 1185 588 in·
1253 567 1255 610 ÷

213 613 294 692 genti
311 627 459 673 consensu
474 609 668 672 delectionem
684 627 787 671 omues
802 615 952 688 spectare:
971 627 1114 689 armaque
1127 628 1183 672 ex·
1253 613 1255 620 ‘

214 695 325 775 templo
339 703 419 757 mota
434 694 547 765 forent,
569 696 600 756 ni
613 693 745 773 hiemps,
758 711 833 774 quae
845 692 995 754 Romanos
1009 711 1133 772 quoque
1153 703 1185 754 et

215 779 471 856 Carthaginienses
485 777 650 838 concedere
664 779 693 836 in
708 784 786 838 tecta
801 778 910 855 coegit,
928 778 1151 838 intervenisset.

189 869 203 920 1
276 863 378 925 XXIII.
417 861 497 923 Haec
524 862 555 921 in
577 861 716 940 Hispania
738 857 884 942 [quoque]
906 860 1035 922 secunda
1063 867 1182 922 aestate
1253 861 1255 976 p

215 947 318 1007 Punici
332 944 409 1007 bella
431 953 527 1022 gesta,
548 963 614 1005 cum
633 947 664 1004 iu
681 943 762 1006 ltalia
782 943 900 1024 paulum
922 942 1069 1005 intervalli
1084 943 1180 1006 eladi·
1253 977 1254 982 κ

180 1038 203 1087 ,2
214 1029 269 1091 bus
280 1029 419 1090 Romanis
430 1027 534 1088 soHers
545 1029 692 1089 cunctatio
700 1026 783 1088 Fabii
795 1028 927 1096 lecisset;
940 1047 1015 1108 quae
1022 1034 1053 1088 ut
1060 1027 1179 1088 Hanni·
1253 1059 1254 1066 κ

120 1178 123 1190 ,
216 1111 311 1173 halem
328 1128 387 1172 non
404 1110 548 1172 mediocri
559 1110 716 1173 sollicitum
729 1109 802 1174 curia¹
814 1110 956 1182 habebat,
971 1110 1091 1172 tandem
1106 1129 1178 1173 eum

118 1191 120 1199 ’
217 1193 337 1256 militiae
361 1196 533 1274 magistrum
563 1194 705 1273 delegisse
730 1194 879 1256 Romanos
904 1202 1091 1266 cernentem,
1126 1198 1179 1275 qui

118 1270 122 1282 ⁴
186 1277 327 1339 anellum
343 1281 471 1350 ratione,
496 1296 556 1340 non
579 1278 696 1340 fortuna
711 1287 842 1356 gereret,
864 1279 904 1339 ita
921 1285 1089 1356 contempta
1112 1287 1177 1340 erat

215 1364 293 1423 inter
314 1363 385 1424 ciale
404 1369 532 1424 armatos
553 1363 664 1443 pariter
681 1368 867 1442 togatosque,
895 1363 997 1442 utique
1018 1370 1177 1442 postquam

217 1445 338 1507 absente
359 1464 394 1508 eo
416 1448 582 1508 temeritate
606 1447 739 1524 magistri
762 1447 891 1525 equitum
913 1444 989 1506 laeto
1010 1447 1109 1507 verius
1132 1445 1177 1506 di·

183 1531 309 1609 ⁴ixerim
321 1547 408 1609 quam
420 1547 563 1610 prospero
574 1537 679 1590 eventu
689 1537 850 1608 pugnatum
862 1529 967 1590 luerat.
988 1539 1178 1591 accesserant
1253 1543 1255 1582 t

217 1613 291 1673 duae
307 1631 357 1673 res
372 1612 408 1676 ad
426 1612 589 1690 augendam
603 1613 742 1674 invidiam
760 1611 923 1686 dictatoris,
947 1631 1006 1675 uua
1019 1612 1127 1674 fraude
1142 1631 1176 1674 ae
1252 1637 1255 1652 ⁴

217 1694 285 1755 dolo
297 1694 483 1766 Hannibalis,
499 1694 591 1774 quod,
609 1714 676 1757 cum
692 1696 854 1776 aperIugIs
865 1699 893 1758 ei
908 1704 1088 1759 monstratus
1103 1715 1176 1776 ager

216 1777 368 1838 dictatoris
387 1784 478 1860 esset,
506 1777 643 1838 omnibus
663 1779 740 1841 circa
768 1780 831 1841 solo
851 1783 980 1862 aequatis
1000 1781 1037 1842 ab
1057 1799 1119 1842 uno
1141 1800 1175 1842 eo

217 1862 329 1922 serrum
346 1863 503 1941 ignemque
519 1870 548 1922 et
565 1863 623 1924 rim
638 1881 756 1925 omnem
771 1864 899 1925 hostium
919 1863 1060 1926 abstineri
1080 1867 1174 1935 lussit,
1254 1925 1255 1943 ,

179 1949 249 2005 -but
267 1941 375 2006 occulti
395 1943 516 2006 alicuius
536 1947 615 2024 pacti
637 1965 671 2007 ea
694 1965 809 2008 meroes
831 1947 924 2009 rideri
942 1957 1057 2027 posset,
1082 1947 1173 2010 altera

216 2029 309 2109 ipsius
323 2028 416 2099 lacto,
436 2030 533 2106 primo
553 2028 676 2090 forsitan
689 2029 793 2101 dobin,
813 2033 957 2110 quianon
975 2035 1175 2111 expectatam
1253 2097 1254 2104 χ

217 2130 252 2171 co
270 2119 388 2172 senatus
403 2114 559 2174 auctoritas
574 2121 633 2184 est,
657 2112 693 2174 ad
711 2121 877 2175 extremum
893 2114 970 2176 haud
986 2115 1124 2194 ambigue
1144 2119 1175 2177 iu
1253 2121 1254 2130 ’

188 2196 372 2278 brnaximam
383 2193 499 2255 laudem
511 2214 605 2257 verso.
636 2201 666 2256 in
681 2198 883 2276 permutandis
894 2199 1028 2277 captivis,
1044 2199 1175 2278 quodsie

217 2279 314 2356 prImo
330 2277 440 2340 Punico
464 2278 540 2339 bello
558 2277 667 2342 lactum
688 2287 764 2351 erat,
789 2291 967 2343 convenerat
985 2283 1063 2342 inter
1085 2282 1175 2344 duces

216 2361 380 2422 llomanum
391 2363 596 2443 Poenumque,
608 2371 642 2424 ut
651 2382 726 2443 quae
737 2382 807 2443 pars
816 2363 917 2444 plures
929 2366 1075 2445 repreret
1087 2385 1175 2446 mam

217 2444 311 2538 dareg
317 2448 431 2523 argenti
446 2447 544 2524 pondo
558 2445 627 2508 hina
638 2456 668 2509 et
682 2447 804 2509 selibras
816 2449 846 2508 in
861 2447 984 2510 militem
1001 2456 1174 2529 praestaret.
1252 2511 1253 2514 ,

180 2533 203 2583 't
218 2527 360 2590 ducentos
373 2529 565 2608 quadragInta
587 2539 698 2611 septem
720 2550 787 2592 cum
806 2531 905 2610 plures
919 2532 1069 2594 Romanus
1087 2553 1174 2613 quam
1252 2531 1253 2574 ³

216 2610 333 2673 Poenus
353 2616 526 2693 recepisset,
552 2622 765 2695 argentumque
791 2634 846 2696 pro
867 2618 909 2678 els
930 2616 1061 2678 debitum
1085 2636 1175 2696 saepe

216 2697 321 2756 iactata
349 2697 380 2755 in
401 2705 504 2759 senatu
524 2716 570 2768 re,
600 2699 737 2777 qnoniam
759 2718 819 2761 non
846 2699 1039 2762 consuluisset
1065 2709 1173 2779 patres,

181 2779 205 2830 o
219 2777 330 2838 tardius
344 2788 531 2856 erogaretur,
556 2781 725 2844 inviolatum
744 2782 780 2843 ab
796 2783 880 2845 hoste
894 2803 996 2862 agrum
1011 2785 1102 2846 misso
1115 2785 1174 2847 Ilo·

218 2877 295 2919 mam
316 2860 423 2931 Quinto
442 2863 502 2924 filio
523 2864 668 2936 vendidit,
692 2866 839 2948 fidemque
859 2867 1006 2948 publicam
1031 2869 1173 2950 inpendio

216 2943 329 3022 privato
347 2943 477 3006 exsolvit.
791 3016 797 3031 x

62 3053 65 3060 ·
181 3029 205 3082 ’9
277 3025 425 3088 Hannibal
444 3048 499 3108 pro
515 3029 654 3093 Gereonii
673 3034 843 3107 moenibus,
865 3038 948 3098 cuius
969 3037 1051 3099 urbis
1072 3047 1173 3118 captae
1250 3087 1251 3092 η

216 3117 304 3191 atque
328 3112 466 3176 iucensae
486 3114 522 3176 ab
548 3133 580 3176 se
605 3118 635 3176 iu
660 3136 746 3180 nsum
774 3119 949 3182 horreorum
972 3123 1057 3183 haud
1082 3141 1173 3202 pauca

171 3193 379 3275 dereliquerat
393 3205 483 3270 tecta,
504 3200 536 3259 in
557 3201 669 3262 stativis
690 3210 762 3264 erat.
787 3204 857 3264 inde
877 3204 1086 3267 frumentatum
1103 3205 1173 3266 duas

216 3279 361 3340 exercitus
376 3290 475 3357 partes
489 3282 638 3354 mittebat,
655 3303 721 3346 cum
738 3288 824 3350 tertIa
839 3289 902 3366 Ipse
919 3289 1053 3368 expediit
1068 3291 1099 3349 in
1115 3297 1172 3350 sta·
1250 3323 1251 3339 ι

216 3361 296 3419 tione
312 3369 375 3421 erat
396 3365 481 3425 simul
494 3368 597 3426 eastrls
616 3369 762 3446 praesidio
786 3381 816 3430 et
837 3374 1100 3452 elrcnmspectans‚
1121 3391 1171 3432 ue·

189 3441 310 3500 leunde
324 3445 450 3524 impetus
464 3450 495 3508 in
511 3449 737 3512 frumentatores
757 3453 848 3515 deret.
891 3455 991 3518 XXIV.
1025 3455 1172 3518 Romanus
