2546 3936
345 183 439 228 smus
455 185 524 232 v11r.
541 186 610 230 oar.
624 168 668 228 32.
686 175 728 228 ³3.
747 164 787 250 [a.
803 168 838 234 (l.
854 167 916 252 325]
1062 177 1103 243 83

140 352 227 416 posse
247 334 473 405 vociferaretur,
496 343 695 416 purgaretque
716 337 894 400 seinvicem
915 345 1004 420 atque
1021 338 1099 401 ultro
1112 345 1145 398 10

140 433 302 489 accusaret,
316 425 386 479 tunc
397 418 531 498 Papirius
538 419 737 498 redintegrata
743 422 788 482 ira
796 420 915 501 spoliari
926 425 1100 504 magistrum

138 503 271 582 equitum
287 519 320 562 ao
336 504 432 580 virgas
448 510 478 563 et
491 521 611 565 secures
623 504 756 584 expediri
770 506 864 567 iussit.
890 507 998 569 Fabius
1009 508 1097 569 fidem
1112 513 1143 566 11

136 587 262 648 militum
275 585 426 665 inplorans
437 585 633 650 lacerantibus
639 595 749 650 vestem
764 588 914 652 lictoribus
932 590 969 651 ad
984 593 1102 652 triarios

137 670 296 732 tumultum
321 669 379 732 iam
411 667 456 751 [in
487 670 670 754 contionem]
700 673 856 734 miscentes
883 691 948 736 sese
977 677 1100 754 recepit.

137 755 207 816 iude
221 753 331 815 clamor
342 755 373 814 in
385 762 475 817 totam
490 759 658 818 contionem
676 764 720 818 est
734 757 878 837 perlatus:
896 757 966 818 alibi
985 766 1144 837 preces,12

139 839 209 902 alibi
224 839 320 899 minae
335 837 539 901 audiebantur.
560 843 611 920 qui
626 842 754 926 proximi
771 841 848 902 iorte
859 841 1000 902 tribunali
1011 849 1100 902 stete·

138 930 222 993 rant,
245 924 312 1002 quia
330 921 455 984 subiecti
479 923 571 986 oculis
593 925 782 1005 imperatoris
796 927 935 987 noscitari
953 931 1100 1006 poterant,

138 1006 270 1076 orabant,
287 1014 318 1067 ut
332 1015 470 1085 parceret
486 1010 628 1088 magistro
646 1011 787 1089 equitum,
802 1028 861 1071 neu
877 1029 945 1071 cum
963 1028 998 1070 eo
1013 1028 1098 1071 excr-

139 1094 230 1152 citum
246 1090 415 1161 damnaret;
439 1100 571 1154 extrema
588 1095 685 1154 contio
702 1101 731 1154 ct
751 1095 830 1154 circa
848 1094 973 1155 Fabium
994 1092 1144 1172 globosis

140 1174 334 1254 increpabant
350 1175 558 1238 inclementem
574 1177 748 1240 dictatorcm
765 1196 821 1239 nec
836 1176 941 1258 procul
956 1177 1101 1240 seditione
1118 1201 1121 1208 ·

139 1259 271 1320 aberant.
307 1277 345 1318 ne
368 1259 496 1322 tribunal
517 1261 636 1341 quidem
659 1263 730 1323 satis
751 1263 882 1341 quietum
903 1269 976 1323 erat.
1012 1260 1101 1339 legati
1112 1266 1144 1316 14

140 1346 366 1404 circumstantes
385 1342 489 1410 sellam
513 1345 653 1415 orabant,
677 1351 711 1406 ut
731 1363 795 1406 rem
810 1347 841 1406 in
855 1354 1007 1424 posterum
1024 1345 1101 1404 diem

144 1428 289 1495 differret,
309 1433 338 1488 ct
353 1428 415 1500 irae
437 1445 509 1487 suae
522 1430 650 1506 spatium
668 1435 698 1489 et
716 1428 839 1489 consilio
865 1437 979 1508 tempus
1002 1428 1099 1488 daret:

142 1511 212 1572 satis
224 1511 392 1588 castigatam
404 1510 633 1572 adulescentiam
640 1510 722 1572 Fabii
737 1530 809 1582 esse,
823 1514 892 1574 satis
906 1513 1099 1572 deformatam
1113 1516 1143 1568 15

139 1596 307 1664 victoriam;
323 1612 361 1654 ne
377 1594 414 1655 ad
431 1602 596 1657 extremum
610 1597 700 1657 finem
716 1595 852 1677 supplicii
869 1597 1020 1666 tenderet,
1043 1613 1102 1656 neu

141 1679 227 1740 unico
241 1678 352 1748 iuveni,
374 1696 433 1740 neu
452 1681 611 1759 patricius
632 1679 795 1742 clarissimo
812 1682 890 1750 viro,
918 1698 977 1741 neu
992 1679 1101 1740 Fabiae

140 1763 222 1841 genti
236 1779 300 1823 cam
316 1763 484 1841 iniungeret
504 1765 706 1842 ignominiam.
740 1784 806 1826 cum
826 1784 931 1845 parum
950 1763 1097 1844 precibus,
1112 1769 1145 1821 16

140 1865 244 1926 parum
270 1864 357 1906 causa
379 1848 573 1926 proficerent,
597 1849 708 1909 intueri
732 1850 910 1910 saevientem
932 1848 1102 1908 contionem

140 1928 296 1990 iubebant:
328 1930 367 1990 ita
390 1931 516 1991 inritatis
538 1931 664 1993 militum
681 1934 787 1994 animis
810 1932 938 1994 subdere
951 1933 1102 2010 ignem-ac

140 2015 294 2075 materiam
307 2013 446 2075 seditioni
459 2033 519 2074 non
535 2032 600 2076 csse
615 2018 734 2087 aetatis,
754 2034 814 2076 non
836 2016 1010 2096 prudentiae
1028 2015 1100 2074 cius.

141 2097 334 2160 neminemid
347 2096 380 2168 Q.
393 2098 484 2158 Fabio
498 2116 626 2179 poenam
638 2099 809 2179 deprecanti
817 2118 901 2160 suam
912 2100 980 2159 vitio
997 2116 1097 2159 versu·
1112 2105 1143 2156 17

140 2201 218 2253 rum,
233 2181 286 2242 sed
299 2181 443 2251 dictatori,
458 2184 485 2242 si
496 2190 668 2244 occaecatus
679 2184 724 2244 ira
734 2183 872 2244 infestam
883 2181 1102 2243 multitudinem

140 2267 172 2328 in
187 2283 219 2328 se
234 2284 323 2345 pravo
341 2267 501 2326 certamine
516 2268 664 2328 movisset.
695 2273 860 2346 postremo,
885 2284 923 2327 ne
942 2266 972 2329 id
985 2284 1017 2324 se
1033 2283 1100 2343 gra·
1111 2271 1144 2323 18

143 2351 201 2411 tiae
219 2349 290 2411 dare
306 2348 340 2420 Q.
355 2349 439 2411 Fabii
454 2350 603 2420 crederet,
620 2368 651 2411 sc
666 2351 710 2410 ius
726 2349 883 2410 iurandum
898 2349 969 2409 dare
983 2355 1102 2427 paratos

142 2452 206 2494 esse
221 2452 281 2494 non
294 2433 413 2493 viderie
429 2452 462 2493 re
477 2433 594 2513 publica
607 2435 639 2494 in
652 2433 686 2505 Q.
701 2433 825 2494 Fabium
841 2451 876 2492 eo
891 2440 1024 2511 tempore
1039 2433 1101 2490 ani-

140 2518 294 2578 madverti.
338 2516 467 2578 XXXlll.
500 2517 551 2580 llis
568 2517 687 2579 vocibus
702 2535 769 2578 cum
788 2518 820 2577 in
837 2535 869 2577 se
887 2516 980 2592 magis
998 2516 1128 2574 incita-l

43 2645 52 2652 -
142 2611 211 2662 rent
231 2601 406 2661 dictatorcm
423 2620 511 2681 quam
530 2603 673 2680 magistro
695 2601 825 2681 equitum
845 2600 1012 2680 placarent,
1029 2599 1101 2658 iussi

143 2684 180 2746 de
196 2684 336 2746 tribunali
353 2684 533 2746 descendere
550 2684 655 2764 legati;
674 2692 703 2746 et
721 2684 837 2746 silentio
856 2684 1032 2764 nequiquam
1048 2692 1130 2761 per2

142 2786 321 2848 praeconem
343 2775 498 2848 temptato,
524 2787 591 2829 cum
612 2787 683 2848 prae
704 2769 829 2848 strepitu
847 2787 881 2830 ao
901 2766 1027 2829 tumultu
1045 2784 1101 2826 nec

141 2855 234 2931 ipsius
251 2853 402 2913 dictatoris
416 2870 471 2913 neo
488 2854 689 2932 apparitorum
705 2854 767 2914 eius
784 2871 839 2914 vox
862 2852 1025 2922 audiretur,
1043 2868 1102 2910 nox

143 2934 266 2996 velutin
286 2935 399 3014 proelio
416 2935 569 2997 certamini
582 2937 670 2999 lmem
688 2937 766 2998 lecit.

208 3019 346 3095 blagister
357 3021 487 3099 equitum
499 3021 595 3082 iussus
605 3028 725 3100 postero
737 3020 784 3081 die
795 3020 907 3089 adesse,
922 3036 988 3079 cum
1000 3034 1102 3076 omnes
1113 3023 1129 3074 3

145 3099 335 3162 adfirmarent
349 3105 483 3164 infestius
497 3103 648 3182 Papirium
666 3122 853 3173 exarsurum,
876 3103 1015 3180 agitatum
1030 3117 1100 3159 con-

144 3184 276 3245 tentione
287 3186 350 3263 ipsa
362 3186 634 3266 exacerbatumque,
647 3186 723 3247 clam
735 3204 770 3247 ex
782 3186 885 3246 castris
896 3185 1019 3245 Romam
1031 3199 1101 3260 pro·

143 3269 235 3347 lugit3
261 3275 291 3328 et
314 3277 398 3349 patre
422 3278 542 3332 auctore
565 3270 603 3332 ll.
627 3269 734 3340 Fabio,
769 3270 820 3348 qui
844 3275 890 3328 ter
917 3269 975 3328 iam
1000 3265 1130 3326 consula

144 3352 328 3434 dictatorque
348 3353 459 3425 iuerat,
482 3359 584 3414 vocato
605 3352 751 3431 extemplo
765 3359 868 3413 senatu
887 3369 954 3412 cum
975 3350 1101 3410 maxime

143 3447 377 3520 conquereretur
392 3437 469 3518 apud
488 3445 588 3517 patres
608 3439 668 3500 rim
688 3443 776 3518 atque
791 3435 927 3497 iniuriam
941 3434 1101 3503 dictatoris,

855 3521 898 3584 60
