2532 3938
282 235 377 278 nmnn
391 235 448 278 vu.
472 233 541 278 cnr.
559 220 601 274 18.
619 219 660 275 19.
677 209 717 296 [a.
734 214 769 276 O.
785 211 924 294 356-354]
1044 218 1084 282 19

129 385 246 448 condita
266 391 344 454 erat,
370 385 472 460 quinto
494 382 642 443 tricesimo
657 399 745 460 quam
768 399 785 442 a
802 379 891 442 Gallis
911 381 1084 460 reciperata,

128 468 225 530 ablato
244 475 312 548 post
325 466 516 528 undecimum
531 483 640 526 annum
657 463 774 543 apiebe
796 461 949 527 consulatu
968 466 1086 545 patricii

127 551 263 612 consules
277 550 364 611 ambo
382 569 418 611 ex
432 551 604 626 interregno
616 550 789 627 magistrum
805 550 915 620 iniere,
939 549 970 610 C.
988 547 1085 628 Sulpi·

127 638 190 698 cius
206 635 323 696 Peticus
343 636 463 694 tertium
485 633 523 694 Μ.
539 631 672 694 Valerius
686 630 845 692 Publicola.
873 630 1032 712 Empulum
1050 642 1116 693 eet

127 737 205 781 anno
227 735 264 778 ex
283 717 455 778 Tiburtibus
474 715 553 776 haud
569 715 762 776 memorando
783 718 944 777 certamine
957 723 1084 796 captum,

127 804 189 864 sive
205 801 331 861 duorum
348 799 502 861 consulum
517 799 647 878 auspicio
661 798 771 860 beilum
785 798 827 859 ibi
841 807 955 878 gestum
971 808 1030 870 est,
1055 808 1087 861 ut

127 886 274 963 sumpsere
293 884 423 963 quidam,
448 901 501 944 seu
521 901 576 962 per
596 881 675 942 idem
698 891 815 962 tempus
828 883 1086 962 Tarquiniensium

128 987 245 1048 quoque
255 976 323 1028 sunt
337 969 437 1028 vastati
451 969 514 1045 agri
531 965 567 1027 ab
583 965 711 1045 Sulpicio
725 965 861 1037 consule,
883 986 941 1045 quo
954 966 1086 1028 Valerius

127 1052 268 1112 adversus
282 1051 422 1112 Tiburtes
442 1052 574 1128 legiones
596 1050 686 1110 duxit.
720 1051 805 1111 Domi
825 1052 919 1112 maius
935 1057 1118 1112 certamend

127 1132 296 1197 consulibus
311 1153 378 1195 cum
388 1134 475 1214 plebe
490 1151 524 1194 ac
538 1133 665 1194 tribunis
679 1143 752 1195 erat.
777 1133 913 1196 fideliam
925 1152 1011 1206 suae,
1025 1153 1086 1195 non

127 1219 223 1281 solum
238 1219 353 1280 virtutis
368 1217 516 1279 ducebant
530 1235 608 1287 esse,
631 1225 664 1278 ut
686 1219 870 1297 accepissent
895 1217 952 1279 duo
970 1220 1086 1298 patricii

127 1301 326 1373 consulatum,
340 1303 381 1362 ita
392 1300 536 1363 ambobus
550 1302 681 1381 patriciis
695 1301 850 1361 mandare:
871 1303 943 1380 quiu
959 1312 1010 1363 aut
1023 1310 1085 1364 toto
1099 1312 1117 1363 4

126 1385 293 1448 cedendum
313 1403 392 1456 esse,
420 1387 445 1444 si
466 1384 599 1464 plebeius
619 1385 679 1445 iam
705 1385 892 1461 magistratus
919 1385 1086 1447 consulatus

126 1471 191 1540 dat,
205 1477 256 1529 aut
266 1475 359 1529 totum
370 1467 594 1547 possidendum,
611 1486 699 1547 quam
709 1470 926 1547 possessionem
939 1471 1086 1547 integram

127 1572 144 1614 a
161 1551 295 1632 patribus
311 1554 501 1632 accepissent.
538 1550 639 1628 plebes
655 1560 759 1612 eontra
774 1550 887 1612 fremit:
913 1552 983 1631 quid
997 1571 1029 1614 se
1043 1557 1118 1613 vio

130 1650 210 1706 tere,
229 1636 299 1716 quid
313 1637 343 1694 in
358 1643 441 1714 parte
457 1637 563 1696 civium
583 1637 716 1704 censeri,
738 1637 777 1706 si,
798 1635 878 1714 quod
892 1636 1017 1698 duorum
1032 1637 1085 1698 bo·

127 1721 240 1781 minum
260 1720 381 1789 virurte,
406 1720 439 1781 L.
457 1720 539 1779 Sexti
557 1736 591 1780 ae
606 1720 637 1781 C.
652 1719 761 1789 Licini,
783 1728 901 1799 partum
915 1723 966 1790 sit,
988 1720 1019 1781 id
1034 1721 1093 1784 ob·.

128 1805 222 1864 tinere
239 1804 367 1864 universi
378 1821 438 1865 non
454 1803 586 1882 possint?
614 1802 659 1863 vei
674 1820 760 1882 reges
776 1802 822 1862 vel
841 1803 1022 1866 decemviros
1040 1803 1119 1870 reid

126 1885 246 1966 siquod
260 1888 371 1947 tristius
387 1889 425 1948 sit
438 1887 556 1965 imperii
571 1904 680 1946 nomen
702 1885 872 1966 patiendum
893 1905 958 1949 esse
977 1891 1084 1969 potius,

127 1989 215 2050 quam
232 1970 336 2031 ambos
350 1971 490 2049 patricios
510 1969 646 2030 consules
666 1970 799 2039 videant,
822 1989 878 2031 neo
891 1973 1017 2034 invicem
1032 1991 1083 2053 pa·
1100 1981 1116 2033 t

125 2063 227 2115 reatur
240 2064 327 2133 atque
340 2055 517 2134 imperetur,
535 2053 587 2114 sed
600 2071 670 2134 pars
682 2052 773 2115 altera
783 2055 815 2113 in
827 2062 948 2116 aeterno
961 2057 1086 2137 imperio

126 2137 220 2199 iocata
236 2137 353 2218 piebem
369 2155 514 2217 nusquam
536 2136 708 2198 alienatam
731 2155 820 2216 quarn
842 2139 878 2198 ad
899 2140 1084 2201 serviendum

125 2229 218 2303 putet.
246 2240 307 2282 non
329 2222 436 2281 desunt
454 2221 568 2281 tribuni
588 2229 724 2281 auctores
744 2220 913 2293 turbarum,
936 2224 989 2282 sed
1007 2225 1119 2285 interd

126 2307 288 2366 concitatos
304 2323 360 2385 per
373 2323 406 2365 se
427 2321 532 2366 omnes
552 2304 601 2364 vix
621 2302 711 2364 duces
733 2305 873 2364 eminent.
911 2304 1118 2384 aliquodense

126 2389 236 2450 frustra
250 2391 286 2450 in·
296 2407 432 2468 campum
449 2386 622 2450 descensum
634 2405 701 2448 curn
713 2394 804 2458 esset,
819 2387 962 2467 multique
975 2407 1029 2468 per
1040 2409 1085 2450 se·

126 2474 254 2535 ditiones
269 2474 326 2534 aeti
343 2470 507 2533 comitiales
523 2471 599 2540 dies,
614 2478 764 2551 postremo
778 2470 853 2532 victa
866 2477 1085 2551 perseverantia

127 2556 280 2618 consulum
295 2555 399 2637 plebis.
427 2573 462 2617 eo
478 2554 562 2616 dolor
577 2556 682 2635 erupit,
697 2563 731 2615 ut
743 2553 892 2627 tribunos,
908 2565 1006 2618 actum
1021 2576 1086 2620 esse

126 2640 164 2701 de
186 2639 321 2702 libertate
342 2639 536 2703 vociferantes
556 2637 841 2719 relinquendumque
866 2659 926 2700 non
950 2659 1085 2722 campum

124 2725 184 2786 iam
206 2724 315 2794 solum,
347 2724 510 2786 sedetiam
538 2722 644 2784 urbem
667 2730 782 2802 captam
805 2729 893 2802 atque
913 2743 1085 2805 oppressam

125 2825 219 2886 regno
240 2809 449 2888 patriciorum,
473 2814 583 2868 maesta
603 2806 698 2887 plebis
727 2817 908 2886 sequeretur.
949 2809 1083 2872 consules
1098 2816 1129 2869 10

125 2890 222 2952 relicti
245 2909 263 2952 a
284 2899 367 2971 parte
395 2889 498 2972 populi
522 2908 577 2970 per
602 2891 831 2970 infrequentiam
851 2895 969 2956 comitia
991 2894 1084 2956 nibilo

126 2977 247 3051 segnius
265 2977 432 3054 perficiunt,
465 2976 558 3036 creati
572 2973 709 3036 consules
724 2974 811 3035 ambo
825 2981 957 3056 patricii,
972 2978 1010 3039 Μ.
1028 2979 1084 3038 Ta·

125 3056 194 3117 bins
207 3057 365 3120 Ambustus
381 3060 501 3120 tertium
519 3058 552 3119 T.
569 3058 730 3131 Quinctius.
758 3061 789 3118 in
805 3061 978 3137 quibusdam
994 3079 1088 3121 anna·

126 3138 205 3202 libus
220 3159 275 3220 pro
292 3141 326 3208 T.
345 3142 480 3214 Quinctio
498 3143 536 3204 Μ.
553 3142 697 3223 Popilium
713 3139 863 3204 consulem
878 3145 1004 3204 invenio.

188 3224 264 3286 XIX.
294 3224 356 3286 iiuo
371 3225 448 3287 belia
465 3243 500 3286 eo
515 3245 592 3288 anno
603 3243 746 3306 prospere
761 3235 852 3301 gesta.
882 3246 947 3288 eum
955 3226 1107 3288 Tiburti-l

126 3309 183 3371 bus
200 3327 293 3389 usque
309 3309 347 3370 ad
363 3309 541 3370 deditionem
562 3318 738 3389 pugnatum:
760 3309 876 3372 Sassula
896 3328 933 3371 ex
953 3310 999 3370 his
1012 3310 1087 3374 urbs

128 3402 226 3473 capta,
244 3402 400 3474 ceteraque
420 3393 526 3474 oppida
541 3393 664 3454 eandem
678 3392 826 3454 fortunam
847 3393 1041 3464 habuissent,
1055 3399 1086 3458 ni

127 3479 264 3542 universa
292 3496 365 3559 gens
384 3479 487 3558 positis
510 3478 600 3540 umis
626 3479 658 3538 in
681 3476 769 3537 tidem
795 3477 923 3540 consulis
947 3479 1087 3542 venisset

839 3567 881 3626 2⁸
