2546 3936
324 207 418 252 nmen
431 210 462 256 x.
478 208 547 254 oar.
562 197 589 254 9.
604 195 647 254 10.
662 186 702 270 [a.
718 189 753 253 0.
769 197 830 252 300.
844 189 906 274 299]
1031 197 1093 261 157

137 357 249 429 iuriae,
273 358 370 436 ipsum
390 363 541 418 auctorem
560 356 652 417 luisse
665 355 764 418 ldacer
776 357 906 421 Licinius
925 377 960 422 ac
980 358 1099 420 Tubero

138 443 261 506 tradunt
274 440 429 502 differendi
445 439 502 502 silai
514 439 680 502 consulatus
695 442 727 501 in
744 439 959 504 bellicosiorem
972 461 1097 505 annum:

140 547 174 590 eo
196 543 275 588 anno
296 525 402 586 maiori
423 541 455 585 se
474 524 541 584 usui
563 525 608 586 rei
632 523 768 604 publicae
795 525 859 586 lore
880 524 994 587 urbano
1015 535 1140 605 gestoll

139 613 321 688 magistratu.
352 609 393 668 ila
412 625 469 668 nec
490 607 738 678 dissimulantem,
760 608 830 688 quid
845 607 958 680 mallet,
979 627 1035 670 nec
1047 629 1099 689 pe·

138 701 251 756 tentem
272 699 371 754 tamen
394 690 520 752 aedilem
541 690 674 753 curulem
695 710 762 754 cum
779 693 812 754 L.
833 693 951 773 Papirio
973 693 1100 755 Cursore

138 779 259 840 iactum.
303 776 335 837 id
356 793 394 836 ne
419 793 475 854 pro
497 783 578 836 cerm
595 793 754 856 ponerem,
783 778 923 838 vetustior
947 776 1097 838 annalium
1109 785 1142 836 12

139 868 242 924 auctor
263 859 332 922 Piso
353 859 462 930 effecit,
491 861 542 938 qui
568 878 603 920 eo
632 878 710 921 anno
739 859 848 922 aediles
868 861 984 922 curules
1010 861 1099 922 luisse

138 945 229 1008 tradit
255 944 307 1006 (ln.
334 943 493 1006 Domitium
515 943 566 1006 Cn.
593 944 614 1006 l.
638 943 789 1006 Calvinum
816 951 844 1005 et
868 946 918 1024 Sp.
942 943 1099 1007 Carvilium

139 1029 173 1100 Q.
189 1028 210 1089 f.
225 1028 393 1089 Maximum.
425 1027 455 1087 id
471 1028 561 1088 credo
578 1043 741 1105 cognomen
762 1045 894 1091 errorem
909 1031 940 1090 in
955 1028 1097 1090 aedilibus
1110 1037 1142 1089 1³

138 1112 261 1180 iecisse,
283 1117 473 1190 secutamque
488 1109 617 1172 fabulam
637 1113 758 1174 mixtam
775 1131 811 1174 ex
827 1112 968 1176 aediliciis
983 1120 1014 1174 el
1029 1131 1099 1174 oon·

138 1194 285 1256 sularibus
297 1195 422 1255 comitiis
429 1196 650 1255 convenientem
664 1197 768 1256 errori.
795 1204 824 1257 et
834 1195 960 1258 lustrum
972 1215 1007 1258 eo
1019 1215 1095 1258 anno
1110 1205 1143 1255 14

138 1277 290 1340 conditum
305 1296 322 1338 a
337 1277 371 1340 P.
386 1277 562 1357 Sempronio
577 1277 676 1357 Sopho
693 1287 723 1338 et
736 1279 768 1340 P.
783 1279 912 1358 Sulpicio
925 1280 1100 1341 Sauerrione

137 1361 327 1433 censoribus,
353 1360 506 1440 tribusque
532 1361 647 1422 additae
674 1362 762 1422 duae:
791 1363 927 1426 Aniensis
952 1380 986 1424 ac
1008 1363 1099 1425 Tere·

138 1449 209 1508 tina.
238 1445 312 1508 haec
325 1445 436 1507 Romae
452 1451 544 1523 gesta.
1133 1455 1138 1460 ·

201 1529 237 1592 X.
271 1528 408 1596 Ceterum
429 1529 466 1590 ad
483 1529 650 1608 Nequinum
670 1528 811 1609 oppidum
826 1547 893 1591 cum
916 1530 1001 1610 segni
1021 1529 1125 1590 obsi-1

138 1615 228 1676 dione
239 1621 356 1694 tempus
372 1619 534 1686 tereretur,
559 1613 617 1676 duo
632 1633 669 1676 ex
684 1615 852 1693 oppidanis,
874 1631 1000 1694 quorum
1016 1623 1101 1676 erant

139 1698 270 1758 aedilicia
293 1700 393 1759 iuncta
407 1716 509 1770 muro,
529 1716 620 1778 specu
642 1699 721 1761 lacto
743 1698 779 1760 ad
799 1700 939 1760 stationes
953 1698 1100 1760 Romanas

138 1783 245 1851 itinere
254 1781 369 1843 occulto
384 1784 574 1861 perveniunt;
589 1784 659 1844 inde
671 1782 709 1844 ad
720 1782 870 1844 consulem
882 1783 1000 1844 deducti
1013 1802 1099 1862 prae·
1112 1793 1128 1838 2

106 1933 108 1936 v
138 1857 245 1924 sidium
261 1873 405 1928 armatum
420 1884 452 1926 se
469 1868 547 1950 intra
562 1869 679 1928 moenia
691 1875 721 1926 et
734 1885 835 1928 muros
844 1875 1017 1947 accepturos
1029 1885 1098 1927 con·

137 1949 266 2008 firmant.
294 1968 351 2010 nec
362 1949 547 2028 aspernanda
562 1968 611 2012 res
623 1953 684 2012 visa
699 1967 795 2030 neque
811 1951 929 2010 incaute
941 1950 1098 2011 credenda.
1112 1957 1128 2009 t

138 2049 205 2092 cum
226 2031 318 2094 altero
346 2051 449 2094 eorum
475 2067 514 2078 —-
542 2051 610 2094 nam
632 2033 706 2094 alter
725 2033 811 2094 obses
834 2038 966 2094 retentus
983 2033 1099 2093 —duo

136 2113 339 2194 exploratores
352 2134 407 2193 per
422 2114 590 2175 cuniculum
605 2117 702 2184 missi;
718 2133 772 2193 per
786 2133 859 2195 quos
875 2117 944 2178 satis
959 2125 1129 2196 conpertas

137 2215 171 2258 re
188 2200 314 2257 trecenti
329 2199 435 2257 armati
449 2198 601 2274 transfuga
615 2198 689 2259 duce
704 2199 736 2259 in
750 2198 856 2276 urbem
871 2200 998 2276 ingressi
1012 2207 1099 2260 noete

137 2286 268 2359 portam,
285 2297 360 2358 quae
374 2280 509 2357 proxima
524 2286 601 2350 erat,
623 2297 739 2360 cepere.
778 2300 834 2360 qua
857 2282 985 2342 refracta
998 2282 1100 2343 consul

138 2363 344 2442 exercitusque
354 2363 505 2424 Romanus
516 2365 580 2424 sine
593 2366 754 2424 certamine
765 2365 870 2425 urbem
886 2365 1029 2426 invasere.
1058 2368 1126 2427 itae

138 2447 307 2526 Nequinum
327 2447 358 2507 in
375 2445 521 2508 dicionem
542 2447 643 2527 papuli
661 2448 786 2510 Romani
803 2450 891 2509 venit.
924 2448 1038 2510 colonia
1063 2469 1098 2510 eo

139 2531 278 2592 adversus
293 2529 421 2592 Umbros
434 2532 522 2591 missa
538 2549 555 2592 a
571 2532 692 2594 llumine
708 2533 817 2595 Narnia
834 2530 993 2613 appellata:
1016 2551 1099 2594 exer·

138 2617 212 2677 citus
232 2633 298 2676 oum
314 2632 421 2692 magna
438 2615 549 2693 praeda
563 2615 685 2678 Romam
701 2617 851 2680 reductus.

200 2699 312 2760 Eodem
333 2716 411 2760 anno
433 2697 469 2762 ab
495 2698 626 2761 Etruscis
648 2701 786 2763 adversus
808 2700 937 2762 indutias
961 2710 1125 2782 paratumo

137 2781 256 2844 bellum.
289 2784 342 2845 sed
359 2801 411 2844 eos
428 2781 483 2843 alia
502 2783 649 2846 molientis
664 2785 814 2848 Gallorum
830 2787 934 2866 iugens
951 2789 1099 2852 exercitus

137 2867 211 2926 lines
236 2869 388 2946 ingressus
411 2867 560 2948 paulisper
584 2887 601 2930 a
625 2873 777 2950 proposito
802 2873 914 2934 avertit,
972 2875 1124 2953 pecunia7

139 2949 259 3020 deinde,
285 2971 341 3030 qua
367 2951 492 3014 multum
514 2961 664 3033 poterant,
692 2956 760 3016 freti
785 2958 880 3018 socios
904 2975 940 3018 ex
964 2958 1098 3020 hostibus

138 3032 236 3094 iacere
250 3034 348 3096 Gallos
366 3044 524 3109 conantur,
544 3047 577 3098 ut
596 3057 631 3100 eo
652 3039 789 3100 adiuncto
807 3041 937 3100 exercitu
959 3057 1025 3099 cum
1038 3039 1097 3098 Ro·

138 3117 233 3176 mauis
255 3117 407 3181 bellarent.
445 3119 482 3180 de
507 3124 645 3182 societate
659 3122 738 3182 haud
755 3123 887 3182 abnuunt
902 3120 1036 3189 barbari;
1062 3121 1126 3180 aas

138 3201 276 3262 mercede
290 3205 394 3280 agitur.
424 3220 482 3281 qua
494 3211 580 3280 pacta
597 3211 774 3282 acceptaque
796 3222 862 3263 cum
882 3212 983 3281 parata
1000 3211 1097 3263 cetera

137 3285 174 3344 ad
195 3284 304 3346 bellum
321 3293 420 3348 essent
434 3285 575 3364 sequique
593 3287 733 3348 Etruscus
752 3285 882 3354 iuberet,
903 3287 1011 3346 inlitias
1027 3296 1097 3346 eunt

137 3369 306 3429 mercedem
331 3389 363 3431 se
384 3367 456 3428 belli
469 3369 610 3430 Romanis
629 3368 777 3430 inserendi
798 3373 915 3448 pactos:
955 3369 1124 3450 quidquido

138 3454 319 3531 acceperint,
342 3452 504 3528 accepisse,
526 3471 564 3513 ne
586 3468 689 3531 agrum
706 3453 862 3514 Etruscum
881 3461 1028 3518 vastarent
1049 3475 1096 3519 ar·
