2546 3936
284 187 380 282 umen
394 227 436 282 11'.
453 241 519 284 ess.
536 229 578 282 21.
596 232 639 283 aa.
653 190 693 304 [a.
709 191 743 292 c,
759 192 896 308 ars-ere]
1016 234 1075 295 117
1092 259 1094 264 ·
1131 263 1133 267 ·
1208 267 1210 272 -

113 391 196 452 mine
210 390 287 450 intra
302 389 419 448 moenia
433 389 577 467 conpulit,
593 399 654 450 tum
670 398 760 451 totam
771 394 867 452 ‘aciem
886 395 917 452 in
929 395 1075 456 Samnites

113 473 251 534 obvertit.
285 469 327 531 ihi
347 470 413 550 plus
430 474 683 543 certaminisluit;
702 476 823 534 victoria
840 477 915 536 sicut
930 495 1010 548 sera,
1033 480 1103 538 itat

112 575 170 617 nee
187 556 274 617 dubia
293 573 349 615 nec
362 557 442 615 rana
457 557 521 617 luit.
548 557 605 618 iusi
624 559 655 618 in
670 566 765 620 castra
780 560 926 620 Samnites
940 563 1075 622 extinctis

112 648 201 702 nocte
213 639 330 718 ignibus
347 641 436 699 tacito
452 642 569 717 agmine
584 641 708 724 abeunt,
725 650 754 702 et
767 661 820 721 spe
836 642 949 704 abiecta
961 645 1075 706 Saticu·
1180 697 1183 704 .

115 721 158 790 lae
174 723 300 784 tuendae
318 722 465 783 Plisticam
480 725 551 802 ipsi,
574 727 669 786 socios
686 727 902 798 Romanorum,
924 736 958 789 ut
972 746 1075 808 parem
1177 740 1180 746 '

113 807 247 868 dolorem
263 807 341 866 hosti
356 806 531 876 redderent,
546 809 769 870 circumsidunt.
846 861 848 866 .

197 891 286 952 xxlt.
316 892 400 951 hnno
412 892 590 950 circumacto
606 890 716 951 bellum
731 893 870 975 deinceps
882 894 919 954 ab
931 895 1075 957 dictatore
1088 902 1102 956 l

112 975 148 1046 Ο.
162 974 254 1035 Fabio
271 981 384 1053 gestrun
401 983 459 1044 est,
478 974 613 1034 consules
628 976 710 1044 nori,
733 976 808 1034 sicut
819 979 1001 1054 superiores,
1016 979 1075 1040 llo·

110 1077 178 1119 mae
192 1065 373 1119 manserunt.
405 1057 513 1118 Fabius
527 1058 563 1118 ad
580 1057 784 1136 accipiendum
802 1059 838 1119 ab
849 1060 974 1136 Aemilio
989 1080 1077 1123 exer·-

111 1144 203 1203 citum
214 1142 256 1206 ¹ad
270 1141 431 1203 Saticulam
449 1159 516 1202 oum
538 1141 742 1220 supplemento
760 1145 848 1205 venit.
883 1160 980 1223 neque
996 1147 1106 1218 eninm,
1213 1157 1219 1171 '

112 1227 259 1288 Samnites
272 1225 307 1286 ad
320 1225 469 1286 Plisticam
481 1232 663 1294 manserant,
678 1226 733 1286 sed
748 1228 848 1287 accitis
864 1226 900 1287 ah
917 1228 1005 1289 domo
1021 1246 1074 1290 no·

111 1312 155 1370 vis
175 1309 317 1368 militibus
337 1306 524 1367 multitudine
546 1307 614 1366 ireti
635 1315 732 1367 castra
753 1310 874 1379 eodem,
898 1329 957 1390 quo
978 1309 1073 1383 antea,

16 1433 19 1446 .
112 1387 177 1452 ioco
191 1395 369 1468 posuerunt:
393 1390 632 1475 lacessentesque
646 1391 760 1469 proelio
775 1393 924 1467 Romanos
941 1405 1074 1457 avertere
1108 1467 1109 1470 Ἴ
1156 1467 1158 1472 ,

112 1475 148 1539 th
165 1472 319 1534 ob‘sidione
336 1473 529 1553 conabantur.
559 1491 594 1534 eo
611 1476 753 1535 intentius
772 1476 897 1538 dictator
910 1479 942 1537 in
958 1481 1102 1540 moeniae

114 1574 213 1619 tersus
227 1558 258 1617 id
271 1556 382 1625 bellum
398 1565 509 1618 tantum
526 1557 643 1628 ducere',
660 1559 739 1638 quod
753 1560 1072 1641 urbemoppugnabat,

23 1693 32 1716 ,
109 1644 244 1724 securior
258 1641 295 1701 ah
311 1641 491 1704 Samnitibus
509 1660 612 1720 agere,
627 1642 801 1704 stationibus
816 1644 903 1704 modo
922 1648 1072 1724 oppositis,
1177 1716 1180 1722 ,
1268 1651 1269 1716 j

109 1743 148 1786 ne
165 1744 221 1806 qua
239 1727 270 1784 in
287 1733 383 1785 castra
399 1727 442 1786 ris
457 1727 550 1788 lieret.
580 1744 616 1786 eo
632 1727 760 1788 ferocius
772 1728 945 1808 'adequitare
957 1730 1100 1792 Samni-4

107 1818 155 1870 tes
174 1807 249 1868 vallo
269 1827 366 1887 neque
386 1811 477 1870 otium
498 1810 568 1888 pati.
601 1818 712 1872 etcum
732 1813 790 1871 iam
811 1829 905 1891 prope
926 1814 958 1872 in
978 1815 1073 1892 portis

108 1900 275 1955 castrorum
292 1901 370 1952 esset
390 1893 498 1963 hostis,
521 1892 595 1954 nihil
616 1893 750 1956 consulto
762 1894 914 1970 dictatore
932 1899 1073 1975 magister

110 1978 244 2057 equitum
259 1977 293 2048 Q.
309 1975 410 2037 Aulius
426 1977 604 2038 Cerretanus
620 1995 728 2056 magno
750 1978 878 2041 tumultu
893 1996 960 2038 cum
977 1982 1072 2040 omni·

108 2060 165 2123 hus
186 2063 292 2121 turmis
313 2063 444 2140 equitum
465 2068 583 2122 evectus
605 2063 762 2124 summovit
781 2062 908 2123 hostem.
957 2070 1019 2123 tum
1039 2064 1100 2124 inti

72 2145 232 2206 ¹minime
249 2145 394 2222 pertinaci
405 2163 515 2222 genere
528 2161 646 2222 pugnae
661 2145 705 2204 sic
718 2145 836 2206 lortuna
847 2148 980 2216 exercuit
990 2165 1071 2226 opes,
1158 2163 1159 2168 ’
1265 2207 1267 2222 ,

44 2237 47 2240 ’
107 2236 142 2290 ut
161 2229 286 2306 insignis
306 2230 454 2307 utrimque
471 2227 568 2288 clades
584 2236 613 2288 et
629 2226 709 2287 clara
729 2229 863 2307 ipsorum
879 2228 988 2289 ducum
1003 2230 1072 2292 edee

108 2319 155 2373 ret
166 2311 280 2372 lunera.
307 2313 389 2391 prior
400 2313 574 2373 Samnitium
585 2313 760 2390 imperator,
773 2330 863 2390 aegre
873 2314 1001 2391 patiens,
1014 2322 1101 2391 quot

108 2405 169 2456 tarn
181 2395 320 2455 ferociter
330 2396 540 2474 adequitasset,
558 2395 626 2455 inde
638 2413 670 2454 se
683 2394 765 2470 fundi
776 2395 945 2474 iugarique,
959 2395 1081 2457 orando

107 2478 314 2558 hortandoque
330 2482 442 2559 equites
463 2479 609 2559 proelium
624 2479 754 2547 iterante
776 2480 807 2539 in
821 2495 909 2557 wem
926 2480 1073 2556 insignem
1080 2487 1099 2537 ’7
1127 2488 1129 2494 '

107 2566 188 2624 inter
210 2581 279 2623 suos
300 2565 427 2624 cientem
447 2581 576 2642 pugnam
597 2564 739 2642 magister
774 2564 906 2642 equiturn
921 2562 1072 2623 Romanus

107 2648 214 2707 infesta
230 2646 350 2725 cuspide
365 2649 404 2707 ita
420 2648 554 2725 permisit
570 2664 694 2726 ecpium,
708 2653 742 2706 ut
755 2665 815 2707 uno
830 2642 891 2705 i'ctu
906 2646 1071 2712 exanimem

57 2749 59 2754 ·
108 2748 184 2810 equo
198 2732 418 2810 praecipitaret.
446 2749 517 2800 nec,
540 2738 574 2791 ut
588 2731 634 2800 lit,
657 2729 694 2791 ad
712 2730 795 2789 ducis
813 2747 913 2790 casum
933 2728 1071 2809 perculsa

107 2816 201 2892 magis
216 2833 305 2894 quarn
321 2816 439 2875 inritata
451 2813 678 2875 estmrdtitudo:
709 2831 813 2876 omnes
826 2815 877 2894 qui
889 2815 969 2874 circa
985 2821 1098 2875 erant8

107 2899 140 2958 in
153 2896 285 2965 Aulium,
299 2905 412 2959 temere
423 2901 569 2960 invectum
582 2917 636 2978 per
647 2898 776 2959 hostium
789 2905 914 2969 turmas,
929 2897 987 2959 tela
1000 2917 1070 2959 con·

107 2982 256 3050 iecerunt;
272 2983 357 3043 tratri
376 2985 568 3062 praecipuum
586 2983 675 3044 decus
687 2982 742 3044 ulti
752 2983 927 3044 Samnitium
941 2984 1100 3060 impera-t)

58 3083 60 3088 ·
108 3065 182 3124 toris
199 3065 233 3123 di
251 3065 404 3126 dederunt.
437 3069 463 3127 is
480 3070 622 3130 victorem
640 3067 805 3127 detractum
826 3085 863 3126 ex
878 3083 954 3144 equo
976 3065 1069 3141 magi·

107 3154 202 3208 strum
221 3151 350 3228 equitum
364 3148 469 3228 plenus
484 3152 627 3210 maeroris
643 3157 730 3228 atque
746 3150 808 3209 irae
823 3148 992 3217 trucidavit,
1013 3164 1070 3207 nec
1155 3173 1159 3179 ·

106 3230 233 3293 multum
249 3233 335 3304 alrrit,
358 3236 429 3314 quin
444 3252 570 3312 corpore
586 3235 689 3302 etiam,
711 3233 779 3311 quia
793 3233 872 3291 inter
888 3229 1003 3290 hostilis
1020 3247 1069 3290 ce·

108 3317 221 3378 uiderat
246 3323 370 3388 turmas,
398 3319 543 3379 Samnites
565 3319 741 3394 potirentur.
779 3314 832 3374 sed
857 3313 1003 3392 extemplo
1029 3313 1066 3373 ad
1079 3321 1113 3372 to

106 3399 199 3478 pedes
210 3399 385 3462 descensum
398 3402 433 3462 ab
446 3403 586 3462 llomanis
597 3407 657 3468 est,
670 3399 821 3477 coactique
832 3397 911 3457 idem
922 3397 1068 3458 Samnites

107 3483 216 3544 lacere.
249 3490 279 3544 et
293 3487 447 3563 repentina
469 3486 547 3544 acies
562 3486 640 3544 circa
658 3501 785 3563 corpora
804 3481 910 3543 ducum
931 3481 1069 3561 pedestre
