2538 3946
193 189 195 192 Ι
250 235 344 278 muse
361 235 424 278 xx1.
443 234 510 275 ona.
523 221 567 276 43.
583 223 626 274 44.
644 222 688 275 45.
706 213 744 295 [a.
762 215 872 298 0218]
988 221 1047 283 241

90 382 273 462 temporibus
288 380 419 460 locisque
432 382 546 442 referre
562 400 617 454 sua¹
628 385 737 462 possim
756 382 872 444 decora.
903 401 968 444 oum
986 381 1048 444 lau·
1059 389 1100 440 ts:

90 467 165 528 datis
187 485 204 526 a
225 483 272 526 me
299 463 415 526 miliens
440 465 627 546 donatisque,
657 466 790 527 alumnus
814 468 896 545 prius
919 469 1049 528 omnium

89 557 218 611 rostrum
243 567 330 628 quam
354 549 529 626 imperator,
555 549 712 629 procedam
737 553 767 610 in
794 551 887 610 aciem
911 549 1050 611 adversus

88 629 207 712 ignotos
222 633 300 693 inter
315 649 347 692 se
360 632 618 713 ignorantesquc.“

153 715 250 778 XLIV.
268 716 480 794 „Quommque
497 716 661 777 circumtuli
673 717 781 784 oculos,
800 715 886 795 plena
898 717 995 776 omnia
1008 718 1049 776 vi·
1062 723 1074 773 ι
1092 729 1094 731 ·

87 798 146 860 deo
159 801 325 860 animorum
337 817 371 860 ac
382 798 507 868 roboris,
523 807 692 862 veteranum
704 800 842 879 peditem,
858 801 1049 878 generosissi-

88 901 205 944 marum
222 884 351 960 gentium
364 883 476 961 equites
490 883 619 946 frenatos
633 884 937 966 infrenatosque,vos
952 885 1048 944 socios

86 966 273 1026 fidelissimos
297 967 543 1046 fortissimosque,
564 985 616 1028 vos
629 967 884 1046 Carthaginienses
905 985 971 1028 cum
991 975 1077 1043 prot

85 1051 183 1130 patria
207 1058 269 1110 turn
289 1048 327 1110 ob
353 1051 427 1110 iram
452 1051 639 1112 iustissimam
663 1058 854 1132 pugnaturos.
893 1051 1078 1112 inserimust

84 1133 198 1193 bellum
221 1133 392 1212 infestisque
414 1135 505 1212 signis
528 1134 733 1196 descendimus
759 1136 790 1194 in
810 1133 936 1204 ltaliam,
966 1142 1048 1196 tanto

84 1217 227 1278 audacius
242 1217 406 1296 fortiusque
426 1219 585 1296 pugnaturi
605 1237 692 1297 quam
707 1218 814 1288 hostis,
830 1226 939 1298 quanto
953 1219 1049 1278 maior

83 1317 170 1379 spes,
201 1301 295 1360 maior
321 1307 366 1360 est
391 1303 506 1362 animus
529 1301 685 1363 inserentis
710 1304 768 1362 vim
794 1320 881 1381 quam
910 1303 1047 1362 arcentis.
1080 1357 1100 1366 ,.
1170 1304 1173 1310 ’
1237 1301 1242 1304 ’

85 1381 224 1445 accendit
238 1390 393 1461 praetcrea
408 1391 438 1444 et
452 1384 582 1445 stimulat
597 1387 710 1446 animos
725 1384 809 1446 dolor
829 1384 937 1445 iniuria
950 1384 1077 1462 dunig-a

83 1470 174 1528 nitas.
207 1466 244 1527 ad
265 1464 439 1546 supplicium
462 1469 699 1547 depoposcerunt
718 1487 767 1528 me
781 1469 887 1529 ducem
908 1469 1047 1548 primum,

83 1549 195 1610 deinde
209 1567 260 1609 vos
280 1567 397 1624 onmes,
426 1553 476 1630 qui
493 1552 653 1630 Saguntum
678 1553 914 1632 oppugnassetis;
932 1551 1047 1611 deditos

82 1635 198 1695 ultimis
212 1633 389 1694 cruciatibus
411 1634 553 1697 adfecturi
571 1635 699 1696 luerunt.
733 1635 934 1697 crudehssima
949 1653 983 1695 ac
999 1653 1048 1695 su·
1036 1643 1077 1693 -5

82 1716 261 1798 perhissima
275 1734 347 1796 gens
365 1735 416 1778 sua
432 1720 529 1780 omnia
547 1721 650 1800 suique
665 1718 807 1781 arbitriis
805 1721 870 1780 anit.
900 1737 966 1778 cum
982 1721 1047 1798 qui

80 1801 141 1862 bus
165 1799 293 1871 hedum,
321 1819 388 1861 cum
408 1800 514 1880 quibus
541 1821 643 1881 paoem
669 1803 844 1873 habeamus,
870 1821 902 1863 se
926 1803 1045 1863 modum
1112 1851 1113 1856 ,

80 1887 231 1982 inponere
245 1902 347 1944 aecum
363 1893 472 1945 censet.
502 1886 717 1947 circumscribit
727 1885 907 1964 includitque
917 1903 972 1946 nos
986 1894 1047 1945 ter·
1124 1907 1126 1912 ¹

81 1969 174 2029 minis
186 1969 330 2028 montium
344 1967 571 2048 fluminumque,
585 1987 658 2049 quos
672 1987 732 2029 non
744 1969 932 2038 excedamus,
951 1985 1047 2046 nequa

81 2069 146 2122 eos,
164 2069 238 2132 quos
253 2052 366 2122 statuit,
381 2052 524 2113 terminos
538 2053 719 2122 observat,
721 2070 775 2122 ,nc
789 2052 940 2111 tremueris
955 2050 1045 2112 lliba·
1057 2056 1076 2106 o

80 2135 167 2196 rum!
193 2153 231 2196 ne
249 2136 319 2216 quid
330 2138 375 2196 rei
388 2135 443 2196 tibi
459 2135 497 2195 sit
511 2153 577 2196 cum
589 2135 837 2234 Saguntinis&
839 2141 885 2220 ,at
902 2137 945 2195 cis
958 2133 1042 2194 Hibe-

79 2219 400 2296 rumestSaguntum“
414 2203 928 2318 „nusquamtevestigiomoverisl“
942 2223 1077 2296 parum?

80 2308 134 2363 est
145 2300 223 2380 quod
236 2303 407 2362 veterrimas
417 2304 581 2380 provincias
592 2301 673 2362 meas
686 2301 815 2362 Siciham
830 2317 864 2361 ao
879 2300 1045 2362 Sardiniam

80 2385 208 2446 adimis?
241 2385 349 2445 adimis
370 2387 457 2445 etiam
477 2387 649 2464 Hispanias?
675 2392 704 2446 et
725 2401 750 2445 sa
747 2384 835 2444 indo
857 2401 990 2454 cessero,
1013 2385 1044 2443 in

80 2469 213 2528 Africam
232 2467 431 2528 transcendes.
467 2469 657 2530 transcendes
671 2477 768 2530 autern
786 2469 869 2529 dico?
886 2467 960 2528 duos
974 2485 1044 2526 con·

80 2551 164 2614 sules
180 2551 267 2612 huius
283 2553 366 2622 anni,
382 2569 474 2614 unum
488 2555 520 2612 in
532 2553 676 2623 Africam,
692 2552 838 2614 alterum
829 2569 860 2611 m
874 2552 1044 2630 Hispaniam

79 2637 239 2696 miserunt.
272 2634 344 2696 nihil
359 2654 482 2716 usquam
497 2636 582 2697 nobis
597 2637 730 2697 relietum
749 2643 808 2706 cst,
827 2637 884 2696 nisi
900 2633 978 2714 quod
998 2652 1044 2693 ar·

79 2721 142 2781 mis
156 2719 380 2780 vindicaremus
424 2718 482 2780 illis
505 2721 613 2781 timidis
634 2728 664 2780 et
684 2721 797 2798 ignavis
814 2737 876 2780 csse
896 2718 978 2788 licet,
995 2719 1074 2796 qui8

79 2811 251 2882 respectum
272 2802 396 2873 habent,
421 2821 522 2884 quos
509 2823 560 2865 sua
575 2812 669 2874 terra,
691 2822 761 2865 suus
778 2821 848 2882 ager
865 2821 919 2882 per
932 2809 993 2862 tuta
1011 2819 1045 2861 ac

78 2895 187 2966 pacata
201 2889 307 2948 itinera
327 2887 649 2967 fugientesaccipient:
669 2886 752 2948 vobis
766 2905 887 2948 necesse
903 2893 947 2948 est
961 2886 1044 2946 lorti·
1123 2960 1125 2964 Ι
1211 2873 1216 2882 ’

80 2970 223 3030 busonis
238 2989 303 3031 esse
323 2977 352 3031 et
371 2971 507 3032 omnibus
525 2974 603 3033 inter
618 2972 769 3034 victoriam
787 2978 948 3032 mortemve
964 2977 1045 3029 carta

81 3052 290 3152 desperatione
311 3053 443 3134 abruptis
454 3064 503 3116 aut
514 3058 632 3116 vincere
644 3064 706 3125 aut,
722 3057 748 3115 si
762 3055 880 3114 fortuna
891 3050 1043 3120 dubitabit,

81 3139 118 3194 in
131 3132 245 3212 proelio
264 3136 360 3213 potius
380 3155 467 3236 quam
481 3139 511 3196 in
535 3139 603 3214 iuga
623 3146 749 3198 mortem
767 3143 917 3214 oppetere.
946 3137 971 3194 si
987 3133 1043 3193 hoc

79 3217 163 3278 bene
178 3217 267 3278 haram
282 3218 418 3278 omnibus
437 3223 465 3278 si
482 3220 687 3280 destinatum·
679 3237 711 3279 sn
733 3220 831 3278 animo
856 3225 914 3288 est,
936 3218 1043 3276 iterum

81 3302 201 3370 dicam,
222 3301 345 3362 vicistis:
369 3300 481 3362 nullum
497 3308 667 3381 contemptu
681 3306 758 3362 vitae
772 3307 810 3361 tel
810 3318 859 3360 um
874 3301 950 3360 ad
925 3317 1042 3360 uncan-

80 3385 157 3445 dum
174 3385 285 3446 homini
302 3384 340 3444 ab
356 3384 401 3447 dis
413 3383 618 3446 inmortalibus
633 3387 730 3445 acrius
744 3384 843 3446 datum
861 3391 936 3444 est.“

149 3467 230 3530 XLV.
264 3470 316 3530 llis
331 3468 581 3531 adhortationibus
593 3487 660 3530 cum
674 3469 822 3549 utrimque
838 3468 873 3528 ad
891 3474 1073 3529 certament

129 3582 156 3619 r.
174 3585 235 3620 ιιιι
255 3585 322 3622 raas
342 3586 376 3626 11,
801 3557 841 3619 16
