2538 3946
348 241 442 284 umus
454 243 486 284 x.
501 239 568 284 oar.
585 231 627 285 17.
645 229 686 284 18.
703 221 743 306 [a.
761 225 796 287 0.
813 224 875 307 tto]
1033 232 1094 294 165

116 385 308 451 Samnitium
322 387 412 448 urbes
431 387 624 467 fortunaeque
648 390 679 449 in
697 389 821 452 urbibus
841 391 962 453 relictae
978 401 1093 455 vestrae

118 477 216 539 sunt,
241 472 358 549 quando
379 469 511 549 legiones
526 489 628 533 eorum
650 481 694 534 tot
712 475 832 553 proeliis
847 476 926 536 tusas
940 484 1092 554 postremo

117 553 240 616 linibus
252 554 411 632 expulistis.
441 555 557 616 vendite
566 557 618 616 ista
630 565 659 618 et
670 557 781 619 inlicite
791 556 875 618 lucro
886 568 1090 630 mercatorem,
1101 566 1118 620 a

116 646 155 700 ut
172 646 319 716 sequatur
333 655 452 716 agmen:
470 657 525 718 ego
537 639 661 700 subinde
675 660 846 720 suggeram,
864 660 939 722 quae
949 641 1088 704 vendatis.

118 721 162 783 ad
189 720 366 782 Romuleam
390 721 494 784 urbem
524 724 593 784 binc
614 742 727 796 eamus,
754 725 806 786 ubi
828 745 879 788 vos
903 725 987 785 labor
1012 725 1090 786 baud

117 806 240 874 maior,
263 804 372 884 praeda
389 809 484 867 maior
499 815 629 868 manet.⁴‘
650 809 796 870 divendita
819 809 929 889 praeda
945 809 1024 870 adtro
1040 808 1119 870 add

117 889 284 951 hortantes
303 891 514 969 imperatorem
537 892 573 952 ad
588 893 760 954 Romuleam
782 900 918 974 pergunt.
954 893 997 954 ibi
1016 911 1089 972 quo·

119 991 187 1052 que
204 974 268 1032 sine
284 991 389 1051 opere,
410 976 474 1035 sine
490 978 659 1047 tormentis,
680 976 767 1038 simul
783 979 899 1039 admota
914 984 984 1037 sunt
996 977 1090 1054 signa,

119 1055 212 1118 nulla
224 1057 251 1116 vi
264 1056 396 1118 deterriti
407 1076 424 1118 a
435 1061 543 1129 muris,
556 1079 613 1139 qua
625 1062 731 1139 cuique
741 1064 909 1140 proximum
920 1061 988 1130 luit,
1004 1057 1090 1120 scalis

118 1141 238 1218 raptim
262 1141 386 1203 admotis
407 1143 438 1202 in
457 1145 573 1202 moenia
593 1161 721 1204 evasere.
761 1152 878 1222 captum
893 1143 1034 1222 oppidum
1056 1150 1118 1203 acti

121 1223 279 1302 direptum
296 1231 354 1294 est;
376 1225 412 1286 ad
426 1225 485 1286 duo
499 1225 579 1294 milia
595 1232 624 1286 et
643 1228 769 1287 trecenti
789 1229 878 1288 occisi
895 1234 925 1286 et
944 1225 1089 1288 sexmilia

120 1307 285 1370 hominum
308 1314 407 1387 capta;
437 1317 466 1368 et
486 1308 571 1369 aniles
591 1310 704 1386 ingenti
724 1310 833 1388 praeda
853 1311 977 1388 potitus,
1004 1315 1118 1388 quamt

121 1390 274 1461 uendere,
289 1393 365 1452 sieut
378 1393 522 1471 priorem,
539 1399 672 1460 coactus;
687 1392 876 1452 Ferentinum
888 1391 970 1462 inde,
987 1409 1089 1470 quam-

123 1493 219 1554 quam
231 1474 303 1534 nihil
315 1474 565 1554 quietisdabatur,
577 1483 676 1536 umen
688 1493 800 1535 summa
812 1474 962 1536 alacritate
974 1473 1087 1535 ductus.

125 1567 263 1620 ceterum
275 1558 316 1619 ibi
331 1558 397 1638 plus
411 1557 521 1620 laboris
532 1577 566 1620 ao
578 1559 702 1638 periculi
717 1560 786 1620 luit:
802 1568 831 1620 et
843 1558 963 1619 detensa
974 1575 1087 1618 summa
1100 1562 1134 1622 1⁰

117 1643 158 1702 ·vi
173 1643 291 1703 moenia
307 1650 388 1714 sunt,
403 1650 432 1704 et
446 1643 528 1704 locus
545 1650 608 1704 erat
619 1645 802 1704 munimento
817 1650 980 1723 naturaque
993 1651 1088 1710 tutus;

125 1724 184 1788 sed
205 1727 290 1786 evicit
309 1728 407 1788 omnia
430 1727 567 1790 adsuetus
587 1729 716 1808 praedae
736 1727 830 1790 miles.
875 1727 912 1788 ad
933 1728 989 1788 tria
1009 1724 1089 1786 milia

124 1809 259 1871 hostium
278 1811 357 1870 eirca
375 1829 477 1872 muros
497 1829 596 1880 caesa:
625 1813 735 1892 praeda
761 1812 862 1874 militis
887 1812 953 1872 luit.
1000 1810 1088 1871 buius
1100 1814 1130 1868 tt

126 1899 366 1970 oppugnatarum
386 1895 504 1955 urbium
529 1895 644 1956 decoris
664 1913 734 1976 pars
755 1897 849 1955 maior
867 1897 899 1953 in
915 1892 1088 1972 quibusdam

128 1973 286 2038 annalibus
311 1977 348 2038 ad
367 1978 526 2040 Maximum
552 1979 692 2040 trabitur:
718 1979 912 2056 Murgantiam
934 1975 970 2036 ab
990 1977 1087 2045 Decio,

129 2057 258 2122 aFabio
279 2060 471 2122 Ferentinum
497 2060 727 2139 Romuleamque
755 2066 935 2138 oppugnatas
959 2057 1088 2118 tradunt.

129 2150 199 2204 sunt
214 2144 263 2220 qui
278 2162 421 2204 novorum
433 2143 585 2204 consulum
600 2144 677 2204 hanc
689 2142 812 2221 gloriam
829 2143 950 2212 iaciant,
968 2141 1086 2222 qnidam
1103 2149 1132 2200 12

129 2244 191 2288 non
212 2225 380 2295 amborum,
405 2226 458 2285 sed
482 2225 616 2297 alterius,
642 2227 675 2286 L.
697 2225 858 2286 Volumnii:
888 2227 916 2286 ei
937 2227 1088 2286 Samnium

130 2309 312 2388 provinciam
326 2308 466 2368 evenisse.

192 2389 291 2451 XVlll.
330 2389 405 2450 llum
425 2409 459 2452 ea
483 2392 514 2451 iu
540 2390 675 2462 Samnio,
698 2391 908 2468 cuiuscumque
929 2388 1018 2450 ductu
1040 2399 1115 2451 au·1

129 2475 294 2556 spicioque,
309 2482 484 2551 gererentur
489 2521 498 2558 ξ
513 2475 652 2534 Romanis
666 2475 698 2534 in
715 2473 830 2534 Etruria
845 2474 964 2533 interim
978 2472 1088 2533 bellum

129 2560 235 2637 ingens
254 2556 354 2618 multis
375 2574 409 2618 ex
427 2559 570 2656 gentibus
590 2559 740 2627 concitur,
760 2559 843 2616 cuius
863 2565 965 2617 auctor
980 2555 1089 2633 Gellius

130 2643 271 2721 Egnatius
285 2661 322 2702 ex
336 2641 516 2703 Samnitibus
531 2649 616 2702 erat·
635 2642 722 2702 Tusci
743 2641 805 2700 iere
822 2656 924 2699 omnes
942 2641 1118 2699 conscire-t

129 2736 197 2788 rant
211 2725 338 2795 bellum;
354 2733 485 2786 traxerat
494 2725 628 2802 contagio
640 2726 790 2803 proximos
802 2721 940 2784 Umbriae
955 2721 1088 2802 populos,

131 2817 160 2870 et
176 2809 286 2872 Gallica
301 2809 406 2871 auxilia
421 2810 558 2870 mercede
574 2807 815 2869 sollicitabantur.
851 2807 947 2868 omnis
963 2825 997 2868 ea
1014 2807 1088 2868 mul·

130 2893 224 2952 titudo
249 2896 285 2953 ad
307 2903 402 2954 castra
429 2894 603 2955 Samnitium
624 2891 824 2953 conveniebat.
872 2893 922 2971 qui
946 2891 1116 2972 tunrultusa

67 2985 69 2990 '
130 2992 239 3052 repens
256 2984 410 3055 postquam
431 2985 475 3038 est
495 2976 617 3037 Romam
639 2977 783 3055 perlatus,
806 2994 873 3036 curn
893 2977 952 3036 iam
975 2976 1008 3035 L.
1031 2975 1087 3034 Vo-

130 3055 259 3117 lumnius
270 3059 372 3119 consul
384 3078 450 3120 omn
464 3058 580 3137 legione
596 3060 722 3120 secunda
736 3078 770 3120 ac
783 3062 867 3120 tertia
882 3060 1088 3134 sociorumque

130 3139 248 3201 milibus
260 3142 427 3219 quindecim
445 3143 595 3221 protectus
613 3146 644 3203 iu
662 3145 814 3204 Samnium
830 3149 921 3210 esset,
937 3141 991 3218 Ap.
1003 3138 1086 3200 Clau·

30 3259 32 3264 ·
56 3261 59 3266 ·
130 3224 210 3287 dium
225 3226 322 3303 primo
334 3243 450 3305 quoque
465 3236 600 3304 tempore
611 3229 642 3287 in
653 3227 800 3287 Etruriam
812 3227 855 3284 ire
868 3224 985 3303 placuit.
1014 3222 1118 3282 duaet

128 3307 279 3371 Romanae
302 3308 433 3388 legiones
452 3320 569 3372 secutae
595 3313 689 3390 prima
711 3317 741 3368 et
763 3318 866 3387 quarta
886 3316 916 3368 et
940 3307 1088 3368 sociorum

130 3391 285 3455 duodecim
298 3393 387 3455 milia.
420 3404 514 3456 eastra
528 3395 604 3456 baud
615 3392 719 3475 procul
730 3392 767 3453 ab
780 3392 863 3452 hoste
874 3392 977 3472 posita.
1008 3395 1115 3452 cete-t

128 3494 194 3538 rum
211 3498 248 3540 eo
269 3481 362 3558 magis
383 3481 548 3562 proiectum
563 3488 622 3550 est,
645 3478 723 3560 quod
742 3487 857 3540 mature
875 3485 995 3537 ventum
1013 3481 1085 3544 erat
