2542 3956
299 218 394 264 arnna
406 217 484 260 mr.
507 217 575 261 can.
594 205 636 258 28.
651 206 694 260 29.
714 197 753 280 [a.
770 200 805 262 (i.
820 197 882 282 217]
1008 203 1070 270 287

111 365 150 428 ad
173 364 374 428 obsistendum
401 367 470 427 satis
494 363 620 435 sciebat,
647 364 831 427 contrahere.
883 384 953 444 ager
977 369 1105 428 omuiso

111 448 227 510 medius
242 456 305 510 erat
319 450 415 528 prima
429 449 527 529 specie
541 447 653 509 inutilis
666 449 842 519 insidiatori,
858 451 997 528 quianon
1008 468 1071 510 rno-

112 533 150 593 do
174 532 307 593 silvestre
322 533 491 612 quicquam,
514 530 567 590 sed
588 548 626 592 ne
648 531 785 611 vepribus
798 531 916 611 quidem
936 535 1070 594 vestitum

110 613 254 685 babebat,
280 633 314 676 re
329 616 393 693 ipsa
410 622 495 676 natus
518 613 653 693 tegendis
666 615 794 684 insidiis,
816 633 851 675 eo
866 617 973 694 magis,
995 616 1102 695 quodo

109 701 143 759 in
158 699 237 760 nuda
251 697 325 758 valle
339 697 418 758 nulia
441 697 505 759 talis
520 698 601 759 fraus
615 699 713 759 timeri
732 706 857 778 poterat.
891 706 920 759 et
937 705 1021 760 erant
1041 701 1071 759 in

111 781 294 843 anfractibus
311 799 398 843 cavae
417 799 521 862 rupes,
544 789 577 842 ut
599 781 743 862 quaedam
764 799 864 843 earum
881 781 1009 844 ducenos
1025 802 1071 845 ar·

111 870 206 926 matos
219 871 341 944 possent
356 883 471 944 capere.
491 867 532 925 in
549 865 603 926 has
617 863 757 937 latebras,
781 873 853 944 quot
867 883 1013 945 quemque
1028 866 1102 927 io·7

112 965 179 1008 cum
194 954 261 1027 apte
275 947 405 1010 insidere
421 954 572 1029 poterant,
595 950 723 1028 quinque
738 947 818 1009 milia
833 949 1001 1009 conduntur
1019 967 1071 1029 pe·

113 1030 205 1092 ditum
221 1033 419 1112 equitumque.
450 1031 558 1094 necubi
580 1038 679 1092 tamen
699 1038 749 1092 aut
768 1039 865 1093 motus
886 1031 1008 1094 alicuius
1028 1040 1107 1093 teta

111 1132 194 1176 mere
215 1117 326 1194 egressi
348 1123 398 1176 aut
417 1114 515 1193 fulgor
538 1133 688 1175 armorum
712 1115 844 1175 fraudem
865 1116 896 1174 in
917 1114 1071 1177 valletam

112 1203 213 1277 aperta
227 1197 392 1276 detegeret,
414 1199 510 1258 missis
524 1199 625 1276 paucis
645 1199 740 1277 prima
754 1197 820 1258 luce
835 1197 871 1258 ad
887 1199 1070 1278 capiendum,

112 1299 199 1360 quem
207 1288 275 1341 aute
283 1281 422 1349 diximus,
435 1279 580 1341 tumulum
592 1281 695 1341 avertit
702 1280 802 1341 oculos
814 1282 952 1342 bostium.
975 1284 1071 1362 primo
1084 1291 1103 1342 9

112 1365 209 1424 statim
228 1371 389 1443 conspectu
403 1370 569 1442 contempta
590 1365 733 1443 paucitas,
758 1382 792 1424 ac
807 1363 863 1424 sibi
881 1367 1003 1445 quisque
1020 1366 1071 1426 de·

111 1464 236 1527 poscere
255 1446 408 1526 pellendos
430 1445 499 1507 inde
519 1447 612 1508 hostis
627 1464 661 1507 ae
682 1446 779 1508 locum
798 1448 988 1526 capiendum;
1013 1449 1071 1509 dux

111 1531 175 1609 ipse
195 1531 276 1590 inter
292 1528 495 1590 stolidissimos
515 1531 770 1610 ferocissimosque
792 1530 828 1590 ad
849 1549 931 1592 arma
944 1540 1029 1592 vocat
1043 1541 1074 1592 et·

111 1615 194 1674 vanis
218 1615 323 1673 animis
347 1620 377 1674 et
397 1614 486 1675 minis
502 1614 636 1693 increpat
654 1615 777 1675 bostem.
810 1616 956 1694 principio
977 1614 1070 1676 levem
1082 1623 1119 1674 lo

112 1704 290 1758 armaturam
302 1695 435 1772 dimittit,
454 1696 561 1758 deinde
573 1697 707 1758 conferto
719 1699 835 1775 agmine
845 1699 935 1759 mittit
948 1700 1069 1778 equites,

111 1787 277 1859 postremo,
304 1798 371 1840 curn
398 1781 531 1842 hostibus
551 1799 667 1861 quoque
690 1779 820 1843 subsidia
848 1783 925 1842 mitti
949 1781 1069 1852 videret,

111 1864 262 1923 instructis
286 1862 451 1940 legionibus
470 1864 614 1942 procedit.
653 1871 683 1924 et
704 1863 850 1924 Hannibal
870 1863 1113 1926 laborantibustt·
1143 1895 1150 1902 ·

113 1946 173 2007 suis
188 1944 244 2008 alia
259 1952 347 2026 atque
362 1945 417 2008 alia
438 1954 471 2007 ut
487 1954 639 2008 crescente
656 1947 816 2007 certamine
832 1948 951 2006 mittens
965 1948 1070 2007 auxilia

111 2028 242 2109 peditum
256 2031 445 2109 equitumque
459 2031 518 2090 iam
529 2032 635 2090 iustam
650 2027 817 2108 expleverat
831 2029 938 2097 aciem,
955 2047 989 2089 ac
1002 2031 1071 2089 totis

111 2114 259 2192 utrImque
273 2112 383 2173 viribus
396 2120 536 2172 certatur.
568 2113 664 2190 prima
678 2111 750 2170 levis
765 2118 912 2171 armatura
924 2113 1070 2173 Romano·
1082 2122 1115 2177 lt

113 2212 194 2264 rum,
219 2201 467 2273 praeoccupatum
486 2193 627 2254 interiore
647 2191 713 2254 loco
732 2193 892 2256 succedens
919 2196 1070 2266 tumulum,

112 2274 197 2356 pulsa
212 2277 388 2354 detrusaque
402 2283 549 2336 terrorem
563 2278 595 2336 in
609 2275 816 2337 succedentem
831 2277 929 2338 intulit
943 2281 1070 2358 equitem
1128 2319 1129 2322 κ

114 2366 144 2419 et
159 2359 195 2420 ad
210 2359 293 2436 signa
307 2358 455 2436 legionum
470 2359 586 2436 refugit.
616 2359 748 2438 peditum
762 2362 840 2420 acies
859 2362 937 2421 inter
953 2361 1068 2440 percul·
1083 2369 1115 2420 13

114 2459 163 2503 sos
181 2442 316 2521 inpavida
330 2441 392 2502 sola
414 2450 489 2513 erat,
509 2442 733 2523 videbaturque,
753 2444 779 2502 si
801 2445 876 2504 iusta
897 2463 932 2505 ac
952 2446 1071 2507 sirecte

91 2599 93 2604 ι
116 2533 311 2605 pugnaesset,
323 2524 547 2606 haudquaquam
559 2527 645 2607 inpar
656 2529 769 2588 t'utura:
782 2534 894 2589 tantum
906 2529 1071 2589 animorum

114 2608 226 2670 iecerat
244 2627 387 2689 prospero
408 2616 475 2670 ante
495 2627 605 2688 paucos
624 2610 686 2672 dies
706 2629 755 2672 res
774 2618 865 2689 gesta.
899 2611 951 2671 sed
975 2613 1068 2673 exorti
1082 2619 1114 2670 14

113 2699 236 2771 repente
246 2693 433 2753 insidiatores
448 2711 515 2754 eum
529 2692 686 2754 tumultum
706 2701 909 2774 terroremque
929 2697 960 2754 in
980 2693 1070 2755 latera

114 2776 260 2857 utrimque
271 2774 307 2836 ab
325 2783 467 2855 tergoque
476 2778 662 2838 incursantes
675 2777 824 2846 iecerunt,
840 2785 873 2838 ut
888 2795 943 2838 nec
957 2779 1072 2839 animus

113 2859 150 2920 ad
177 2878 305 2938 pugnam
330 2876 426 2939 neque
449 2859 486 2920 ad
515 2860 614 2938 iugem
639 2879 706 2940 spes
734 2861 868 2941 cuiquam
894 2871 1070 2940 superesset,

113 2939 215 3003 XXIX.
244 2943 318 3004 'ium
332 2942 439 3005 Fabius
449 2944 546 3021 primo
558 2942 686 3006 clamore
699 2945 864 3024 parentium
877 2945 988 3016 audito,
1002 2945 1070 3004 dein
1082 2949 1095 3000 1

10 3049 11 3052 ¹
115 3031 271 3103 conspecta
283 3025 386 3103 procul
401 3026 515 3087 turbata
527 3029 603 3094 acie,
620 3073 638 3098 ‚,
647 3029 688 3089 ita
699 3034 778 3099 est“,
796 3029 905 3106 iuquit,
922 3045 1008 3096 „non
1023 3045 1070 3086 ce·

115 3107 206 3166 terius
221 3124 308 3186 quam
324 3109 407 3168 timui
422 3109 578 3186 deprendit
591 3109 709 3170 fortuna
727 3113 929 3169 temeritatem.
964 3108 1072 3169 Fabius
1083 3117 1102 3166 a·

115 3196 255 3270 aequatus
275 3191 398 3269 imperio
412 3189 606 3250 Hannibalem
627 3200 656 3250 et
674 3192 779 3250 virtute
796 3198 825 3250 et
845 3191 961 3251 fortuna
983 3209 1070 3270 supe-

115 3274 225 3334 riorem
239 3273 325 3333 videt.
360 3272 412 3332 scd
433 3271 512 3333 aliud
532 3274 667 3348 iurgandi
687 3273 934 3354 suscensendique
955 3282 1071 3352 tempus

11 3423 12 3426 Ἴ
116 3357 185 3417 erit:
208 3373 287 3417 nunc
308 3356 391 3432 signa
413 3363 494 3416 extra
514 3354 621 3417 vallum
640 3357 781 3436 proferte.
824 3358 974 3417 victoriam
994 3357 1070 3418 hosti

115 3448 356 3522 extorqueamus,
372 3438 588 3501 confessionem
606 3442 716 3501 erroris
733 3440 875 3502 civibus.“
889 3443 947 3503 iam
965 3448 1101 3520 magnae
