2538 3946
212 197 274 262 202
407 209 501 274 urana
510 207 588 250 xxrr.
603 205 672 250 oar.
686 195 712 247 ².
725 195 751 248 t.
770 183 810 268 [a.
825 207 857 248 o.
873 208 900 248 c.
915 183 979 268 tet]

187 361 261 422 anis
273 355 403 420 medium
417 362 508 428 esset,
528 355 702 417 novissimos
719 355 765 414 ire
784 355 911 434 equites,
930 352 1087 432 Magonem
1102 353 1181 416 inde

214 460 282 506 cum
296 439 438 520 expeditis
452 438 586 501 Numidis
606 455 713 517 cogere
729 455 852 516 agmen,
873 438 1001 499 mamma
1016 436 1133 509 Gallos,
1152 441 1181 498 si
1246 487 1247 518 Ξ

214 525 311 588 taedio
326 523 437 586 laboris
450 520 615 602 longaeque
629 523 706 593 riae,
729 528 763 582 ut
776 527 821 582 eet
836 519 934 582 mollis
953 520 991 582 ad
1003 519 1073 583 talla
1087 539 1178 600 gens,
1246 561 1247 588 2

187 608 417 672 tdllaberentur
437 614 489 668 aut
515 605 725 676 subsisterent,
750 603 948 666 cohibentem.
984 605 1088 684 primi,
1115 624 1181 684 qua

214 691 303 756 morlo
317 692 469 772 praeirent
489 687 593 760 (luces,
618 706 674 769 per
689 685 836 768 praealtas
856 686 938 748 tlurii
960 705 995 749 ae
1009 688 1180 767 profundas

214 776 368 854 voragines
390 774 488 835 hausti
513 791 608 853 paene
635 771 706 834 limo
731 773 989 851 inmergentesque
1014 779 1181 833 satamon

187 862 298 939 tetgna
313 857 520 938 sequebantur.
553 855 627 918 Galli
642 873 739 936 neque
754 854 900 916 susbnere
920 871 953 914 se
972 853 1105 935 prolapsi
1120 873 1179 916 ne-

215 960 273 1024 que
295 941 456 1020 adsurgere
478 958 515 1001 ex
534 937 723 1018 voraginibus
743 945 882 1018 poterant
900 955 957 1000 nec
980 946 1031 1000 aut
1045 956 1178 1018 corpora

187 1027 320 1090 'lanimis
339 1031 390 1086 aut
408 1024 521 1084 anlrnes
541 1040 594 1102 spe
614 1020 811 1093 sustinebant,
832 1020 881 1082 alii
901 1021 979 1084 lessa
1000 1039 1089 1101 aegre
1112 1029 1178 1082 tra·

215 1111 320 1172 hentes
334 1105 483 1177 membra,
505 1104 570 1177 alii,
584 1105 637 1166 ubi
651 1104 743 1166 semel
763 1107 847 1166 victis
866 1104 965 1166 taedio
981 1107 1092 1166 animis
1103 1124 1178 1185 pro·

216 1192 395 1261 cubuissent,
406 1192 484 1251 inter
493 1189 661 1251 iumentaet
670 1189 734 1267 ipsa
745 1189 870 1250 iacentia
880 1191 988 1269 passim
1000 1191 1178 1251 morientes.

216 1276 400 1356 maximeque
417 1273 549 1334 omnium
562 1270 679 1352 vigiliam
697 1271 892 1333 conficiebant
907 1291 963 1352 per
975 1272 1177 1354 quadriduum

188 1362 310 1422 elamet
324 1366 385 1420 tres
397 1364 500 1418 noctes
509 1355 659 1418 toleratae.
687 1373 756 1417 curn
766 1357 865 1416 omnia
876 1355 1077 1418 obtinentibus
1091 1358 1178 1438 aquis

216 1441 303 1514 nibli,
317 1443 370 1504 ubi
383 1443 414 1503 in
431 1443 509 1504 sicco
525 1440 601 1502 lassa
615 1445 785 1502 sternerent
802 1457 943 1520 corpora,
966 1441 1092 1502 inveniri
1105 1457 1177 1522 pos-

188 1532 275 1598 taet,
292 1524 448 1588 cumulatis
462 1526 494 1585 ln
508 1519 724 1604 aqua'sarcinis
739 1524 861 1602 insuper
879 1523 1106 1595 incumbebant,
1122 1531 1180 1584 aut

215 1613 415 1679 iumentorum
429 1609 536 1668 itinere
550 1614 612 1668 toto
627 1613 842 1686 prostratorum
864 1609 974 1686 passim
994 1625 1047 1668 ace
1109 1614 1177 1668 tam

217 1703 279 1754 tum
300 1691 379 1770 quod
400 1697 529 1752 exstaret
550 1709 625 1771 aqua
639 1689 860 1771 ,quaerentibus
879 1689 917 1750 ad
939 1691 1066 1770 quictem
1130 1693 1178 1751 rvi

175 1777 359 1854 intemperie
374 1775 570 1835 necessarium
582 1771 678 1834 cubile
693 1773 810 1834 dabant
836 1775 900 1852 ipse
909 1772 1068 1843 Hannibal,
1085 1791 1175 1852 aeger

216 1857 309 1920 oculis
325 1876 359 1919 ex
373 1874 462 1918 veroa
474 1857 602 1935 primum
615 1857 790 1936 intemperie
807 1855 1066 1922 variantescalores
1082 1858 1176 1936 frigo·

217 1959 327 2022 raquo,
348 1941 519 2021 elephanto,
547 1941 597 2019 qui
621 1957 699 2001 unus
723 1939 925 2019 superfuerat,
950 1958 1009 2020 quo
1029 1939 1115 2002 altius
1138 1941 1175 2002 ab

173 2033 206 2087 lt
219 2044 295 2107 aqua
315 2033 443 2088 exstaret
462 2031 575 2096 vectus,
601 2022 707 2102 vigiliis
726 2030 826 2086 tamen
851 2031 881 2085 et
902 2031 1048 2086 nocturno
1068 2041 1176 2085 umore

217 2111 399 2192 palustrique
421 2107 502 2168 caelo
522 2116 662 2186 gravante
686 2116 787 2186 caput,
813 2115 844 2168 et
869 2109 938 2188 quia
958 2107 1096 2169 medendi
1119 2125 1177 2168 nee

218 2194 300 2256 locus
314 2210 371 2253 nec
383 2200 501 2271 ternpus
515 2198 593 2261 eret,
611 2190 704 2252 altero
719 2189 805 2252 ocule
820 2193 945 2271 capitur.

189 2285 205 2334 t
279 2275 328 2338 lll.
357 2274 456 2338 Multis
469 2273 640 2336 bominibus
652 2275 850 2353 iumentisque
871 2274 959 2334 foede
979 2275 1092 2336 arnissis
1107 2292 1176 2336 curn

217 2360 336 2422 tandem
352 2359 390 2420 de
405 2356 560 2439 paludibus
575 2359 757 2428 emersisset,
773 2357 824 2418 ubi
836 2359 966 2437 primurn
980 2359 1013 2419 in
1027 2359 1106 2418 sicco
1121 2377 1176 2438 po·

218 2445 286 2516 tuit,
311 2450 406 2504 eastra
424 2441 515 2513 locat,
541 2450 713 2522 certumque
738 2459 793 2531 per
811 2443 990 2520 praemissos
1009 2441 1175 2520 explorato·
1249 2463 1250 2470 ³

219 2546 267 2590 res
282 2526 385 2589 habuit
401 2527 563 2588 exereltum
578 2525 743 2586 Romanum
758 2527 838 2585 circa
853 2526 951 2586 Artetl
967 2527 1084 2586 moenia
1100 2543 1175 2588 esse.

191 2619 208 2670 2
220 2610 347 2672 consulis
362 2609 469 2670 deinde
485 2607 607 2670 consilia
621 2615 709 2688 atque
724 2609 856 2670 animum
870 2615 900 2669 et
917 2610 1006 2669 situm
1020 2609 1176 2688 regionum

217 2696 383 2774 itineraque
397 2700 427 2754 et
441 2694 540 2772 copias
555 2692 592 2754 ad
610 2695 791 2753 commeatus
812 2691 1009 2771 expediendos
1023 2699 1053 2753 et
1067 2699 1174 2764 cetera,

219 2795 296 2856 quae
311 2794 454 2855 cognosse
472 2779 506 2836 in
527 2795 592 2836 rem
615 2783 694 2847 crat,
717 2794 831 2838 summa
846 2777 946 2837 omnia
961 2793 1028 2836 cum
1043 2793 1113 2838 cura
1130 2777 1175 2837 in·

193 2859 367 2940 aquirendo
383 2858 591 2940 exequebatur.
621 2861 704 2936 regio
716 2861 822 2920 eratin
832 2861 935 2940 primis
946 2859 1046 2920 ltaliae
1060 2857 1174 2930 fertilis,

219 2943 337 3005 Etrusci
358 2944 470 3022 campi,
498 2943 549 3020 qul
569 2941 707 3001 Faesulae
734 2943 813 3003 iuter
833 2945 1041 3023 Arretiumque
1069 2945 1174 3014 iacent,

219 3027 363 3088 frumenti
384 3043 418 3086 ac
440 3025 558 3106 pecoris
578 3031 609 3084 et
634 3026 765 3086 omnium
787 3028 872 3108 copti
901 3044 1004 3089 rerum
1028 3025 1174 3106 opulenti·

191 3110 325 3173 tconsol
340 3112 425 3173 teror
442 3109 479 3172 ab
494 3107 647 3171 consulatu
659 3110 760 3188 priore
781 3116 811 3170 et
826 3126 887 3171 non
907 3111 996 3173 modo
1010 3110 1109 3190 legum
1126 3120 1174 3172 aut

220 3204 337 3276 patrum
352 3196 525 3266 maiestatis,
551 3191 604 3254 sed
618 3210 657 3254 ne
673 3193 796 3262 deorum
813 3193 932 3273 quidem
947 3197 1017 3257 satis
1031 3203 1164 3256 metuens

220 3279 298 3339 hane
312 3281 430 3340 insitam
452 3279 572 3356 ingenio
593 3279 657 3337 eius
677 3278 872 3338 temeritatem
893 3277 1011 3341 fortuna
1033 3297 1173 3359 prospere

192 3361 353 3422 tcivilibus
372 3360 544 3440 bellicisque
569 3359 659 3446 rebus
674 3379 811 3422 successu
834 3359 956 3423 aluerat.
987 3365 1086 3444 itaque
1106 3365 1174 3425 satis

223 3443 384 3518 apparebat
403 3461 459 3505 nec
483 3442 555 3503 deos
578 3460 635 3503 nee
659 3443 794 3505 homines
814 3443 1016 3533 consulentem
1038 3447 1174 3507 ferociter
