2538 3946
193 194 255 255 254
379 205 473 248 umus
486 203 550 250 m.
566 202 633 244 can.
650 189 745 242 edes.
764 177 803 262 [e.
818 203 849 244 u.
864 199 888 240 c.
905 179 967 263 536]
1021 237 1023 242 ,

165 360 272 414 sesses
290 351 428 414 manebat
444 352 541 412 omnia
562 348 770 428 perscindente
790 357 876 410 rento
892 355 922 410 et
941 351 1085 428 rapiente.
1127 360 1164 412 et
1247 367 1248 426 ᾗ

192 454 262 499 mox
282 455 357 516 aqua
377 436 470 498 levata
485 441 586 504 vento,
612 450 678 493 cum
698 450 787 511 super
809 433 904 510 gelida
919 433 1062 494 montium
1083 437 1163 513 iuga
1247 483 1248 508 ἶ

194 527 332 581 concreta
347 528 437 590 esset,
449 525 563 580 tanturn
574 518 690 576 nivosae
705 516 856 594 grandinis
868 517 988 586 deiecit,
1005 523 1040 578 ut
1056 520 1161 579 omni·
1247 535 1248 580 ξ

193 604 249 666 bus
263 605 379 666 omissis
394 601 624 684 procumberent
635 601 770 661 homiues
783 598 962 678 tegminibus
978 601 1038 662 suis
1058 603 1163 680 magis

165 688 293 748 subruti
306 705 394 767 quam
414 687 493 746 tecti.
523 691 661 763 tantaque
681 685 724 744 vis
745 684 863 762 frigoris
884 684 1016 744 insecuta
1039 693 1098 756 est,
1122 693 1162 765 ut
1247 749 1248 754 ,

122 786 124 790 ·
194 791 230 831 ex
243 771 293 832 illa
307 769 470 832 miserabili
484 769 636 828 hominum
652 769 909 847 lamentorumque
922 775 1021 846 strage
1038 785 1106 830 cum
1123 787 1162 829 se

194 855 316 934 quisque
331 853 471 915 extollere
489 870 523 912 ao
536 850 635 912 levare
648 849 750 920 vellet,
768 851 818 912 diu
835 852 983 930 nequiret,
1008 853 1076 930 quia
1093 860 1160 913 tor·

151 937 334 1017 repentibus
349 939 448 1014 rigore
460 936 558 995 nervis
569 936 616 995 rix
630 934 750 995 flectere
761 941 843 995 artus
856 941 1003 1014 poterant.
1035 936 1159 1006 deiude,
1247 935 1248 1014 ]

193 1029 226 1081 ut
245 1021 365 1081 tandem
387 1017 522 1097 agitando
545 1036 611 1079 sese
633 1036 752 1078 movere
774 1037 808 1080 ac
834 1020 971 1097 recipere
991 1019 1106 1080 animos
1128 1027 1162 1080 et
1247 1019 1248 1076 ἴ

193 1105 269 1164 raris
286 1102 359 1163 locis
375 1104 453 1180 ignis
473 1103 538 1162 deri
556 1110 600 1162 est
615 1109 752 1180 coeptus,
774 1101 811 1162 ad
828 1101 952 1164 alienam
969 1121 1055 1181 opem
1073 1104 1159 1182 quis·
1247 1097 1248 1178 l

152 1195 183 1245 11
195 1205 252 1266 que
273 1188 359 1264 inops
379 1184 511 1247 tendere.
552 1185 675 1246 biduum
690 1203 731 1246 co
751 1183 816 1246 loco
837 1185 916 1246 velut
936 1184 1048 1245 obsessi
1069 1203 1160 1246 man·
1247 1205 1248 1208 ¹

193 1287 269 1330 sere.
299 1269 383 1330 multi
394 1269 544 1339 hominm,
560 1269 651 1330 multa
664 1270 810 1338 iumenta,
828 1269 977 1348 elephanti
989 1287 1107 1349 quoque
1119 1286 1160 1329 ex
1247 1317 1248 1324 ,

192 1356 243 1426 its,
268 1357 318 1435 qui
340 1351 453 1434 proelio
476 1353 513 1414 ad
534 1352 672 1413 Trebiam
693 1353 770 1415 lacto
793 1354 1014 1432 superfuerant,
1039 1360 1157 1432 septem
1247 1411 1248 1418 ,

194 1437 351 1516 absumpti.

165 1531 180 1580 1
256 1522 329 1582 LIX.
362 1521 524 1598 Degressus
537 1520 692 1599 Apennino
708 1527 788 1580 retro
803 1519 840 1580 ad
859 1517 1038 1580 Placentiam
1056 1527 1159 1580 castra

192 1607 297 1675 movit,
320 1612 350 1664 et
370 1604 405 1664 ad
427 1603 529 1664 decem
549 1602 629 1664 milia
649 1620 824 1682 progressus
845 1603 986 1664 consedit.
1033 1610 1158 1682 postero
1247 1593 1248 1664 l

193 1689 240 1748 die
261 1687 415 1747 duodecim
436 1685 516 1746 milia
539 1686 686 1765 peditum,
709 1689 838 1766 quinque
860 1688 989 1765 equitum
1014 1687 1158 1747 adversus
1247 1671 1248 1702 ³

164 1771 310 1832 ubostern
330 1769 419 1828 ducit.
451 1786 507 1828 nec
522 1769 714 1846 Sempronius
726 1767 829 1830 consul
844 1803 886 1815 —
900 1771 960 1850 iam
974 1771 1052 1830 enirn
1074 1770 1157 1830 redi·

194 1860 257 1914 erat
276 1852 314 1913 ab
333 1853 426 1913 Roma
440 1884 483 1896 --
496 1851 669 1912 detrectavit
689 1860 855 1913 certamen:
878 1859 965 1932 atque
982 1872 1017 1914 eo
1029 1852 1077 1914 die
1096 1855 1157 1914 tria

165 1938 273 1998 emilia
287 1954 406 2015 passum
421 1937 500 1996 inter
520 1935 590 1995 bina
606 1941 702 1996 castra
721 1936 814 1996 luere.
844 1944 963 2015 postero
980 1936 1027 1996 die
1047 1939 1155 2014 ingen-

192 2020 270 2083 tibus
286 2021 391 2081 animis
406 2020 487 2080 vario
504 2025 609 2080 eventu
624 2026 786 2098 pugnatum
805 2027 857 2078 est.
894 2021 990 2098 primo
1006 2037 1155 2082 concursu

193 2104 266 2166 adeo
281 2122 329 2164 res
345 2104 478 2163 Romana
491 2104 627 2181 superior
641 2101 709 2173 luit,
732 2109 837 2163 utnon
852 2103 914 2162 acie
934 2103 1086 2163 vincerent
1105 2123 1154 2164 so·

192 2188 268 2258 lum,
287 2187 339 2247 sed
354 2185 454 2265 pulsos
469 2186 569 2247 hostes
582 2188 613 2246 in
628 2193 723 2246 castra
738 2192 1002 2264 persequerentur,
1018 2204 1088 2247 mox
1104 2206 1153 2247 cas

162 2278 251 2332 astra
268 2288 385 2351 quoque
403 2277 618 2349 oppugnarent.
649 2269 795 2330 Hannibal
809 2270 910 2347 paucis
924 2273 1153 2348 propugnatori-

192 2355 248 2416 bus
266 2356 298 2415 iu
312 2353 386 2420 vallo
406 2355 558 2434 portisque
579 2353 683 2432 positis
700 2359 814 2412 ceteros
828 2351 976 2412 confertos
996 2355 1028 2412 in
1054 2349 1152 2414 media

192 2445 288 2500 castra
298 2440 425 2518 recepit,
440 2439 628 2515 intentosque
640 2438 755 2514 signum
771 2436 806 2496 ad
819 2437 1033 2515 erumpendum
1046 2454 1150 2515 expec-

168 2529 258 2584 5tare
273 2521 363 2583 iubet.
393 2523 452 2582 iam
467 2538 545 2582 nona
561 2519 654 2580 ferme
667 2520 726 2580 diei
743 2521 816 2579 hora
829 2525 906 2588 erat,
924 2538 991 2581 cum
1002 2521 1151 2581 Romanus

192 2607 370 2685 nequiquam
395 2605 515 2683 fatigato
530 2603 639 2673 milite,
660 2610 815 2683 postquam
833 2603 912 2662 nulla
933 2621 1000 2682 spes
1015 2610 1079 2663 erat
1097 2622 1149 2681 po·

163 2689 286 2750 utiundi
301 2689 418 2759 castris,
441 2691 558 2766 signum
573 2688 705 2766 receptui
720 2687 809 2746 dedit.
840 2685 919 2764 quod
939 2686 990 2747 ubi
1003 2685 1148 2747 llanuibal

191 2773 306 2848 accepit
326 2771 511 2851 laxatamque
529 2789 659 2849 pugnam
681 2777 711 2830 et
735 2788 886 2831 recessum
907 2789 923 2831 a
945 2772 1049 2830 castris
1068 2770 1145 2842 vidit,

192 2853 338 2932 extemplo
355 2853 501 2931 equitibus
515 2854 617 2914 dextra
630 2853 770 2932 laevaque
784 2855 898 2914 emissis
910 2853 943 2912 ln
957 2854 1072 2913 bostem
1087 2854 1146 2932 ipse

163 2938 260 3000 tcum
280 2936 413 3015 peditum
432 2937 541 2996 robore
564 2937 668 2996 mediis
687 2939 790 2997 castris
811 2938 917 3016 erupit.
962 2954 1060 3016 pugna
1080 2955 1145 2998 raro

190 3022 285 3100 magis
298 3019 357 3081 ulla
373 3037 456 3081 saeva
472 3026 521 3080 aut
534 3021 686 3099 utriusque
699 3022 791 3098 partis
804 3021 936 3100 pernicie
951 3019 1058 3080 clarior
1077 3019 1143 3081 luis-

165 3113 251 3174 uset‚
272 3103 429 3167 siextondi
445 3121 509 3165 eam
526 3103 588 3164 dies
608 3105 640 3164 in
662 3101 783 3181 longum
799 3106 924 3183 spatium
939 3104 1069 3173 sivisset3
1090 3121 1144 3164 uox

193 3188 523 3266 aecensumiogentibus
531 3189 634 3250 animis
644 3186 791 3268 proelium
798 3189 924 3248 diremit.
945 3188 1143 3265 itaqueacrior

193 3288 354 3332 concursus
367 3272 423 3332 fult
432 3289 519 3350 quam
536 3271 654 3342 caedes,
677 3278 706 3332 et
720 3274 796 3332 sicut
808 3276 930 3350 aequata
941 3269 1036 3329 lerme
1049 3287 1141 3350 pugna

99 3367 103 3372 ·
192 3362 269 3421 erat,
284 3355 325 3412 ita
337 3353 420 3414 clade
431 3355 495 3433 pari
510 3355 670 3415 discessum
682 3362 735 3415 est.
764 3354 800 3414 ab
816 3360 920 3413 neutra
934 3359 1018 3432 parte
1030 3371 1141 3414 sescen-

143 3433 229 3492 ‘atis
249 3432 314 3511 plus
333 3435 481 3510 peditibus
501 3444 530 3496 et
545 3437 696 3498 dimidium
712 3439 774 3498 eins
795 3437 927 3517 equitum
948 3436 1063 3496 cecidit.
1094 3435 1141 3497 sed
