2538 3946
224 205 288 270 260
439 217 531 260 umus
544 219 621 260 xxn.
635 217 703 260 oar.
722 205 745 256 1.
760 193 800 276 [a.
816 217 847 256 u.
863 215 889 255 o.
901 189 964 274 537]

310 533 387 595 'llTl
406 532 480 596 Lllll
493 521 546 593 ¹AB
567 529 668 592 URBE
689 527 852 592 couniri
872 525 984 590 LIBER
1004 525 1096 588 xxti.

201 712 210 762 t
287 703 309 762 l.
349 701 410 762 lam
434 719 486 762 rer
508 699 678 779 adpetebat,
709 693 796 776 atque
820 692 966 756 Hannibal
994 710 1030 754 cx
1054 691 1197 754 bibernis

227 788 331 855 movit,
353 792 382 846 et
404 785 580 864 nequiquam
600 789 668 844 ante
688 785 810 841 conatus
828 776 1039 838 transcendere
1057 777 1195 855 Apenni-

227 888 297 932 num
316 867 510 929 intolerandis
532 866 691 945 frigoribus
710 871 739 925 et
764 881 830 924 cum
847 861 960 939 ingenti
974 858 1111 943 periculo
1126 877 1194 920 mo·

199 961 307 1015 2ratus
323 971 357 1013 ac
371 960 461 1012 metu.
490 949 577 1021 Galli,
595 969 669 1030 quos
683 947 810 1028 praedae
820 944 1103 1028 populationumque
1119 961 1194 1006 con·

227 1039 335 1098 eirerat
357 1054 441 1114 spes,
470 1041 624 1114 postquam
650 1051 705 1113 pro
729 1049 782 1102 eo,
811 1037 844 1092 ut
863 1030 921 1109 ipsi
942 1047 978 1090 ex
999 1026 1095 1090 alieno
1117 1045 1193 1105 agro

226 1127 367 1198 raperent
383 1124 578 1196 agerentque,
599 1136 666 1178 suas
681 1123 777 1176 terras
796 1113 896 1174 sedem
911 1110 983 1173 belli
998 1129 1062 1172 esse
1077 1114 1193 1190 premi-

201 1214 285 1282 tque
299 1203 452 1282 utriusque
467 1202 560 1282 partis
575 1202 756 1262 exercituum
776 1196 909 1260 hibernis
926 1195 1074 1267 riderent,
1092 1203 1193 1256 verte-

228 1294 298 1346 runt
317 1293 398 1346 retro
424 1287 455 1346 in
476 1283 671 1346 Hannibalem
689 1282 727 1344 ab
746 1282 887 1344 Romanis
909 1279 991 1350 odia;
1018 1281 1194 1359 petitusque

227 1388 314 1450 saepe
330 1371 499 1449 principum
513 1369 641 1439 insidiis,
658 1369 790 1447 ipsorum
804 1366 882 1426 iuter
899 1382 931 1424 se
948 1363 1066 1434 fraude,
1084 1363 1188 1424 eadem

226 1453 356 1524 levitate,
374 1473 431 1534 qua
443 1460 668 1523 consenserant,
681 1467 856 1512 consensum
867 1447 1075 1518 indicantium,
1089 1465 1193 1510 serva·

228 1544 275 1598 tus
296 1544 374 1609 erat,
395 1545 425 1598 et
444 1536 586 1600 mutando
607 1554 686 1598 nunc
704 1541 830 1605 vestem,
853 1551 933 1594 nuuc
947 1538 1118 1610 tegumenta
1142 1551 1191 1593 ca·

202 1622 299 1699 spitis
313 1637 415 1684 errore
430 1621 517 1682 etiam
531 1639 597 1682 sese
618 1620 653 1681 ab
674 1619 789 1682 insidiis
807 1619 964 1679 munierat.
994 1623 1126 1678 ceterum
1140 1616 1191 1676 bic

230 1722 346 1782 quoque
364 1706 390 1764 ei
408 1705 497 1765 timor
513 1721 600 1766 causa
614 1705 669 1764 fuit
683 1703 826 1766 maturius
840 1700 978 1764 movendi
992 1719 1029 1762 ex
1043 1699 1189 1761 hibernis.
1249 1701 1250 1712 ¹

291 1786 349 1847 Per
368 1787 445 1848 idem
468 1795 584 1866 tempus
600 1788 652 1850 Cn.
673 1786 813 1850 Servilius
836 1783 938 1846 consul
958 1784 1069 1846 Romae
1090 1783 1190 1845 idibus

200 1870 339 1931 ollartiis
360 1871 563 1948 magistratum
585 1874 661 1934 lniit.
694 1871 736 1932 ibi
760 1889 826 1932 cum
849 1869 884 1930 de
905 1866 1074 1949 republica
1094 1875 1188 1929 rettu-

229 1954 324 2026 lisset,
342 1954 542 2034 redintegrata
562 1957 594 2016 in
615 1956 646 2018 G.
663 1953 838 2017 Flaminium
853 1953 962 2015 invidia
983 1959 1041 2013 est:
1066 1952 1141 2014 duos
1158 1971 1189 2012 se

229 2037 363 2100 consides
382 2056 512 2110 creasse,
536 2058 628 2101 unum
644 2039 764 2102 babere.
805 2037 884 2118 quod
906 2038 985 2098 enim
1010 2035 1054 2098 illi
1078 2037 1189 2099 iustum

198 2123 396 2200 oimperium,
419 2122 498 2202 quod
513 2125 675 2203 auspicium
694 2124 776 2184 esset
807 2123 995 2200 magistratus
1009 2120 1040 2181 id
1056 2139 1072 2183 a
1088 2121 1187 2190 domo,

227 2203 354 2284 publicis
367 2206 545 2284 privatisque
559 2207 730 2286 penatibus,
752 2206 863 2267 Latinis
886 2205 969 2266 feriis
984 2206 1071 2276 actis,
1095 2206 1187 2266 saeri-

227 2289 293 2350 ilcio
307 2290 339 2349 in
354 2296 454 2350 monto
468 2290 616 2369 perfeeto,
636 2293 709 2352 votis
728 2290 785 2350 rite
808 2290 839 2349 in
856 2287 996 2367 Capitolio
1011 2289 1190 2370 nuncupatis

199 2383 328 2434 tseoum
345 2373 440 2442 ferre;
459 2392 514 2434 nec
528 2376 674 2455 privatum
686 2374 815 2453 auspicia
830 2373 927 2454 sequi,
941 2391 997 2434 nec
1011 2375 1075 2436 siue
1089 2376 1187 2453 auspi·

186 2467 188 2473 ’
228 2458 281 2517 ciis
297 2458 464 2538 profectum
480 2459 512 2518 in
528 2467 650 2520 externo
665 2477 699 2521 oa
713 2457 776 2520 solo
793 2474 867 2517 nora
883 2463 970 2537 atque
984 2459 1100 2536 integra
1116 2476 1186 2518 con·

199 2547 216 2596 8
229 2541 328 2620 cipere
342 2559 438 2621 posse.
465 2543 611 2620 augebant
622 2550 732 2604 metum
747 2541 883 2622 prodigia
899 2559 934 2602 ex
951 2541 1086 2621 pluribus
1101 2541 1187 2604 simul

227 2622 300 2685 locis
317 2626 468 2686 nuntiata:
484 2627 515 2687 in
527 2626 626 2688 Sicilia
640 2625 780 2688 militibus
794 2623 906 2704 aliquot
925 2623 1051 2706 spicula,
1071 2626 1104 2686 in
1119 2625 1186 2688 Sar·
1250 2675 1251 2704 ,

228 2707 304 2771 (linia
319 2717 416 2770 autern
432 2710 463 2770 in
475 2728 561 2772 muro
577 2711 771 2773 circumeunti
787 2707 899 2789 vigilias
912 2710 1003 2788 equiti
1013 2710 1185 2790 scipionem,
1250 2717 1251 2764 t

228 2809 315 2867 quern
338 2810 427 2853 manu
453 2800 604 2866 tenuerat,
626 2796 747 2873 arsisse,
773 2801 803 2856 et
823 2792 910 2854 litora
931 2793 1043 2854 crebris
1069 2793 1187 2872 ignibus

199 2879 216 2930 9
229 2872 355 2943 fuisisse,
372 2880 402 2933 et
411 2881 492 2950 scuta
505 2876 564 2938 duo
574 2880 717 2956 sanguine
728 2879 863 2947 sudasse,
880 2883 910 2937 et
923 2876 1032 2939 milites
1045 2878 1186 2960 quosdam

228 2957 301 3015 ictos
315 2955 502 3030 fulminibus,
519 2967 548 3020 et
560 2960 628 3020 solis
643 2961 747 3022 orbem
755 2962 848 3022 minui
859 2961 969 3032 risum,
986 2969 1016 3022 et
1028 2961 1186 3022 Praeneste

231 3040 369 3102 ardentes
384 3041 496 3121 lapides
513 3041 594 3106 eaelo
611 3045 766 3113 cecidisse,
785 3052 814 3105 et
825 3045 913 3124 Arpis
926 3061 1045 3124 parmas
1058 3047 1090 3104 in
1106 3045 1185 3107 caelo

188 3125 304 3186 torisas
320 3134 559 3208 pugnantemque
572 3147 639 3190 cum
653 3128 723 3191 luna
737 3127 844 3199 solem,
862 3135 891 3189 et
906 3128 1040 3206 Capenae
1056 3129 1129 3190 duas
1141 3131 1185 3189 in·

230 3209 326 3269 terdiu
350 3208 434 3272 lunas
460 3219 553 3282 ortas,
581 3221 612 3274 et
636 3231 725 3294 aquas
748 3214 888 3275 Caeretes
913 3214 1055 3290 sanguine
1081 3215 1185 3274 mixtas
1250 3255 1251 3280 ,

230 3289 346 3353 fluxisse
363 3292 535 3374 fontemque
549 3298 646 3376 ipsum
661 3296 796 3358 Herculis
812 3297 943 3356 cruentis
957 3314 1093 3358 manasse
1104 3315 1185 3375 spar-
1250 3289 1251 3368 l

229 3390 293 3432 sum
306 3375 435 3446 maculis,
451 3384 481 3438 et
491 3381 569 3439 Antii
580 3381 757 3441 metentibus
769 3387 906 3441 cruentas
917 3379 948 3438 in
959 3378 1186 3458 corbemspicas
1250 3389 1251 3394 ’

189 3456 218 3506 ii
231 3455 386 3526 cecidisse,
403 3465 432 3517 et
442 3459 563 3522 Faleriis
574 3461 686 3522 caelum
698 3463 768 3522 findi
780 3462 857 3522 velut
868 3478 975 3540 magno
987 3462 1069 3524 biatu
1081 3464 1183 3534 risum,
