2546 3936
300 209 392 252 arana
406 211 474 254 vni.
491 210 559 252 oar.
575 197 676 265 tuat.
693 189 732 272 [a.
748 193 783 254 O.
799 191 859 274 326]
1026 199 1059 259 tt

104 359 309 428 bsoiseendum
332 376 396 420 esse
417 357 621 438 extemploque
644 376 731 420 naves
757 359 951 422 deducendas.
981 357 1061 440 quod

103 467 162 528 quo
177 447 325 507 maturius
346 443 444 511 lieret,
472 444 567 502 omnis
592 443 726 503 iuventus
747 443 921 505 Samnitium
943 451 1061 522 praeter

104 529 303 593 necessarium
326 525 408 586 urbis
435 526 612 603 praesidium
636 526 672 586 ad
693 526 761 586 litus
782 529 879 593 missa.
917 527 968 588 ubi
991 526 1091 588 dume

104 612 266 694 Nymphius
293 611 324 670 in
352 608 482 669 tenebris
507 619 536 671 et
561 609 746 671 multitudine
770 618 864 672 semet
888 612 950 690 ipsa
976 611 1060 689 inpe-

103 699 204 760 diente
227 694 329 770 sedulo
356 693 419 753 aliis
451 693 507 754 alia
534 694 657 772 imperia
688 693 810 756 turbans
837 696 907 756 terit
935 702 1060 773 tempus,

56 815 65 822 -
103 780 256 844 Charilaus
286 797 322 839 ex
353 778 505 857 conposito
534 776 571 837 ab
598 779 686 838 sociis
719 780 751 838 in
791 778 894 839 urbem
925 785 1062 856 receptus

104 884 173 926 oum
192 879 304 924 summa
325 860 406 922 urbis
421 862 552 922 Romano
572 861 663 922 milite
683 861 840 941 inplesset,
865 861 928 923 tolli
950 860 1060 923 elamo-

105 966 171 1010 ram
187 947 288 1015 tussim
310 944 346 1007 ad
368 962 455 1023 quem
471 945 576 1006 Graeci
596 947 680 1023 signo
699 954 820 1025 accepto
843 965 859 1007 a
880 943 1062 1024 principibus

102 1033 257 1114 quievere:
279 1028 382 1091 Nolani
396 1046 451 1108 per
466 1047 600 1090 aversam
611 1036 725 1109 partem
740 1029 822 1091 urbis
840 1031 884 1092 via
896 1029 1000 1091 Nolam
1015 1029 1087 1090 ie·t

105 1123 190 1181 rente
206 1115 357 1192 effugiunt.
381 1112 560 1175 Samnitibus
574 1109 702 1174 exclusis
711 1114 746 1174 ab
762 1113 836 1175 urbe
851 1121 884 1175 ut
898 1112 1062 1194 expeditior

103 1203 133 1262 in
150 1199 316 1280 praesentia
330 1196 415 1276 iuga,
435 1196 476 1257 ita
494 1197 623 1267 foedior,
643 1205 798 1277 postquam
815 1197 946 1278 periculo
962 1215 1061 1258 evase·

104 1291 191 1353 runt,
214 1284 288 1351 visa,
313 1282 421 1360 quippe
436 1283 487 1359 qui
506 1283 635 1340 inermes
650 1281 728 1342 nulla
746 1299 846 1342 rerum
861 1299 981 1344 suarum
1004 1289 1090 1342 nono

103 1367 207 1428 relicta
219 1368 296 1425 inter
308 1365 407 1425 hostes
419 1364 579 1425 ludibrium
591 1383 651 1424 non
662 1367 791 1426 externis
802 1365 898 1435 modo,
911 1364 1061 1426 sedetiam

103 1449 310 1530 popularibus,
332 1448 448 1527 spoliati
466 1456 554 1529 atque
569 1456 690 1526 egentes
707 1449 810 1509 domos
826 1449 952 1510 rediere.
983 1448 1089 1510 haudo

103 1535 225 1613 ignarus
240 1534 386 1610 opinionis
401 1532 536 1602 alterius,
558 1551 614 1612 qua
635 1533 708 1594 haee
724 1532 852 1613 proditio
873 1533 910 1594 ab
926 1533 1062 1593 Samniti·

104 1618 161 1679 bus
173 1617 248 1677 laeta
260 1615 392 1686 traditur,
409 1634 476 1677 oum
488 1617 656 1678 auctoribus
667 1618 724 1678 boe
736 1617 812 1688 dedi,
829 1617 935 1698 quibus
946 1617 1062 1694 dignius

101 1701 187 1762 credi
208 1708 265 1769 est,
286 1707 349 1761 tum
371 1699 475 1762 loedus
491 1701 715 1779 Neapolitanum
737 1719 833 1762 -eo
855 1703 933 1762 enirn
957 1698 1062 1760 deinde

102 1803 218 1847 summa
233 1785 277 1844 rei
293 1784 472 1845 Graecorum
487 1787 565 1846 venit
581 1819 616 1830 -
634 1784 758 1846 similius
770 1805 838 1846 vero
854 1785 924 1846 latit
939 1787 1018 1863 ipsos
1033 1785 1063 1844 in

104 1870 262 1930 amicitiam
275 1868 397 1930 redisse.
423 1868 547 1929 Publilio
559 1869 725 1947 triumphus
736 1869 886 1938 decretus,
903 1869 981 1949 quod
993 1871 1062 1930 satis
1074 1877 1090 1924 7

102 1951 282 2013 credebatur
310 1951 462 2013 obsidione
488 1952 614 2014 domitos
642 1952 740 2013 hostes
772 1955 803 2012 in
829 1952 917 2020 tidem
939 1953 1061 2012 venisse.

103 2037 163 2098 duo
190 2035 349 2114 singularia
369 2036 442 2096 haee
465 2037 492 2097 ei
520 2038 581 2096 viro
606 2037 733 2115 primum
750 2037 915 2114 contigere:
957 2053 1062 2114 proro-

104 2122 183 2199 gatio
201 2121 319 2199 imperii
343 2137 402 2180 non
424 2129 492 2181 ante
513 2121 544 2180 in
565 2119 625 2180 ullo
645 2119 721 2180 laeta
739 2128 770 2181 et
790 2129 855 2181 aeto
875 2120 989 2181 bonore
1010 2121 1062 2180 tri·

103 2223 155 2265 um
177 2203 242 2265 ltus.

156 2223 278 2348 pllllVll.
306 2285 389 2348 Aliud
405 2287 529 2348 subinde
544 2285 653 2347 bellum
668 2306 735 2348 erran
752 2287 872 2348 alterius
887 2305 957 2348 orae
972 2287 1062 2348 Grae·
1077 2295 1088 2344 t

108 2373 150 2432 eis
165 2377 309 2432 exortum.
338 2389 465 2450 namque
481 2371 635 2432 Tarentini
650 2389 716 2432 eum
736 2389 800 2432 rem
815 2370 1091 2448 Palaepolitanam

106 2473 180 2516 vana
202 2472 254 2534 spe
272 2455 372 2516 auxilii
392 2454 570 2535 aliquamdiu
590 2457 813 2526 sustinuissent,
834 2463 988 2534 postquam
1004 2456 1061 2516 llo·

106 2555 209 2601 manos
224 2538 297 2600 urbe
318 2541 426 2618 potitos
441 2557 597 2618 accepere,
625 2539 702 2600 velut
723 2539 855 2602 destituti
877 2557 911 2600 ae
931 2557 990 2599 non
1011 2541 1064 2619 qui

105 2623 162 2703 ipsi
180 2623 393 2692 destituissent,
417 2623 571 2702 increpare
588 2621 834 2702 Palaepolitanos,
855 2625 899 2685 ira
916 2631 1003 2702 atque
1017 2626 1062 2684 in·

104 2707 181 2768 vidia
192 2707 224 2766 in
243 2708 390 2767 Romanos
405 2707 519 2774 furere.
536 2725 571 2767 eo
587 2709 674 2768 etiam
692 2707 769 2786 quod
788 2707 921 2769 Lucanos
939 2715 968 2769 et
984 2709 1063 2788 Apu·

104 2789 200 2852 los-
211 2809 279 2851 nam
292 2797 414 2868 utraque
426 2808 461 2850 eo
474 2807 551 2850 anno
566 2792 689 2851 societas
703 2799 806 2870 eoepta
822 2799 866 2853 est
876 2825 918 2838 -
928 2792 960 2852 in
975 2793 1063 2853 iidem

104 2874 206 2954 populi
224 2874 348 2934 Romani
367 2875 481 2933 venisse
496 2872 624 2935 adlatum
643 2882 700 2936 est:
724 2877 833 2955 quippe
850 2876 1092 2956 propemodum3

104 2963 279 3036 perventum
293 2956 330 3017 ad
345 2975 377 3017 se
391 2975 469 3025 esse,
485 2959 602 3036 iamque
615 2960 645 3018 in
659 2977 694 3020 eo
709 2977 773 3020 rem
789 2961 866 3031 lore,
892 2968 924 3020 ut
938 2961 1063 3022 Romani

106 3047 157 3100 aut
178 3039 277 3100 hostes
297 3048 347 3101 aut
366 3039 477 3101 domini
497 3040 624 3103 habendi
644 3045 711 3104 sint.
749 3042 907 3104 discrimen
928 3043 1091 3121 protector

105 3139 207 3183 rerum
231 3140 350 3184 suarum
372 3125 402 3184 in
422 3123 502 3185 bello
517 3125 691 3186 Samnitium
710 3134 874 3206 eventuque
894 3127 957 3186 eius
980 3128 1062 3186 verti.

105 3225 171 3268 eam
186 3205 279 3266 solam
298 3215 414 3284 gentem
429 3217 556 3278 restare,
578 3228 634 3269 nee
650 3227 713 3269 eam
736 3211 829 3288 ipsam
845 3211 914 3269 satis
929 3208 1062 3280 validam,

102 3290 224 3372 quando
241 3291 377 3352 Lucanus
392 3291 548 3362 deiecerit;
571 3311 658 3371 quem
680 3294 812 3352 revocari
834 3292 930 3352 adhue
949 3291 1091 3370 inpelli-5

104 3393 163 3456 que
181 3375 216 3434 ad
234 3373 408 3436 abolendam
425 3377 592 3436 societatem
608 3378 768 3438 Romanam
786 3394 886 3453 posse,
903 3377 929 3435 si
943 3395 999 3456 qua
1015 3395 1064 3438 ars

104 3459 238 3520 serendis
259 3459 413 3520 discordiis
435 3459 616 3521 adhibeatur.
653 3460 726 3521 haee
746 3459 868 3521 consilia
891 3477 958 3521 eum
986 3461 1091 3540 apudo
