2546 3936
203 184 265 246 140
382 197 477 238 urana
491 197 535 238 rx.
552 196 621 240 car.
636 185 680 238 41.
697 173 737 256 [a.
751 199 782 237 u.
799 199 825 237 c.
840 173 979 256 tto-448]

202 353 232 407 et
245 346 331 405 binae
350 346 465 404 tunicae
478 345 511 404 in
521 345 644 406 militem
656 350 789 406 exactae:
806 362 841 404 ea
852 361 967 404 merces
981 342 1166 406 indutiarum

201 430 265 490 luit.

172 522 189 573 8
263 513 448 592 Tranquillas
469 531 518 573 res
541 515 599 572 iam
621 513 751 573 Etruscis
777 511 904 572 turbavit
931 514 1087 590 repentina
1112 513 1166 573 de·

200 597 288 658 lectio
310 597 504 667 Umbrorum,
529 599 624 674 gentis
645 598 779 674 integrae
799 616 815 656 a
835 595 967 656 cladibus
992 595 1078 666 belli,
1106 598 1165 657 uisi

174 682 280 761 equod
300 685 454 742 transitum
470 683 615 741 exercitus
632 698 703 758 ager
716 689 857 742 senserat.
885 681 907 740 ii
921 681 1065 739 concitata
1081 683 1165 742 omni

199 768 348 826 iuventute
363 785 414 826 sua
432 774 462 825 et
476 782 581 842 magna
604 773 688 843 parte
704 763 894 824 Etruscorum
911 764 948 824 ad
969 763 1165 825 rebellionem

202 849 342 928 conpulsa
359 858 472 909 tantum
486 850 646 908 exercitum
661 849 807 918 fecerant,
822 857 856 908 ut
870 848 974 909 relicto
994 857 1060 925 post
1077 866 1110 909 se
1131 851 1166 909 iu

199 934 315 996 Etruria
330 935 418 993 Decio
431 933 467 991 ad
481 932 707 1012 oppugnandam
725 931 794 992 inde
806 933 928 992 llomam
946 934 1039 991 ituros
1048 934 1164 1010 magni·

201 1019 256 1078 lice
272 1018 308 1077 de
328 1035 359 1076 se
375 1035 409 1077 ac
425 1019 616 1096 contemptim
632 1016 668 1076 de
683 1017 822 1077 liomanis
839 1014 993 1096 loquentes
1009 1017 1163 1077 iactarem

161 1107 191 1162 to
203 1101 280 1180 quod
297 1103 447 1178 inceptum
463 1119 565 1160 eorum
586 1101 637 1160 ubi
657 1099 694 1160 ad
709 1102 830 1161 Decium
845 1098 995 1160 consulem
1017 1099 1165 1178 perlatum

201 1193 259 1254 est,
285 1184 321 1244 ad
348 1185 451 1244 urbem
470 1203 506 1244 ex
521 1185 639 1244 Etruria
654 1187 768 1262 magnis
787 1183 942 1244 itineribus
963 1186 1061 1262 pergit
1083 1185 1165 1245 etin

158 1275 189 1327 11
202 1286 273 1346 agro
289 1269 457 1347 Pupiniensi
473 1270 508 1329 ad
522 1268 629 1329 lamam
651 1269 782 1328 intentus
797 1268 925 1328 bostium
938 1267 1080 1328 consedit.
1108 1285 1166 1328 nec

200 1353 311 1414 Romae
324 1353 520 1432 spernebatur
532 1351 711 1414 Umbrorum
724 1351 848 1421 bellum,
861 1358 892 1411 et
901 1353 982 1430 ipsae
992 1353 1089 1412 minae
1101 1369 1165 1412 utc-

200 1444 262 1498 tum
279 1437 411 1498 lacerant
426 1439 555 1515 expertis
570 1436 679 1496 Gallica
695 1435 792 1506 clade,
816 1453 904 1514 quam
919 1437 1042 1495 intutam
1058 1435 1166 1496 urbem

159 1528 192 1580 12
203 1521 376 1582 incolerent.
407 1524 505 1600 itaque
521 1520 609 1598 legati
625 1518 661 1579 ad
679 1520 802 1579 Fabium
817 1517 969 1580 consulent
983 1521 1065 1578 missi
1086 1526 1165 1588 sunt,

200 1613 247 1674 ut,
266 1605 372 1682 siquid
386 1604 545 1663 laxamenti
556 1623 572 1664 a
584 1603 662 1662 bello
674 1603 849 1662 Samnitium
861 1610 951 1672 esset,
967 1604 997 1661 in
1013 1603 1166 1664 Umbriam

160 1693 192 1747 ta
203 1706 331 1766 propere
343 1690 504 1746 exercitum
517 1687 647 1746 duceret.
670 1686 749 1746 dicto
760 1688 858 1764 paruit
868 1684 978 1756 consul,
992 1689 1166 1766 magnisque

201 1769 358 1829 itineribus
373 1769 408 1828 ad
421 1771 597 1830 Mevaniam.
612 1768 663 1828 ubi
678 1777 740 1830 tum
758 1772 859 1849 copiae
871 1769 1049 1830 Umbrorum
1069 1778 1164 1838 erant,
1257 1831 1258 1836 ,

159 1860 193 1910 14
204 1855 344 1932 perrexit.
380 1871 487 1931 repens
504 1853 645 1912 adventus
659 1854 801 1923 consulis,
819 1871 908 1933 quem
923 1853 1026 1931 procul
1044 1853 1165 1914 Umbria
1257 1869 1258 1914 3

201 1939 233 1997 in
249 1937 367 1997 Samnio
384 1937 461 1996 bello
478 1937 536 1996 alio
555 1945 729 2014 occupatum
748 1939 949 2008 crediderant,
969 1939 1010 1997 ita
1021 1939 1168 1998 exterruit

201 2021 343 2090 Umbros,
366 2029 398 2080 ut
419 2021 467 2080 alii
490 2021 689 2081 recedendum
710 2022 747 2081 ad
771 2022 861 2081 urbes
881 2022 1024 2091 munitas,
1046 2021 1166 2100 quidam

162 2110 192 2161 ta
204 2105 401 2173 omittendum
420 2105 529 2165 bellum
551 2111 716 2164 censerent.
753 2105 838 2183 plaga
859 2122 918 2165 una
933 2137 975 2152 -
989 2105 1167 2166 blaterinam

200 2188 257 2266 ipsi
269 2188 418 2265 appellant
434 2223 472 2233 -
492 2206 550 2248 non
563 2190 706 2249 continuit
718 2189 806 2250 modo
821 2198 937 2249 ceteros
946 2189 977 2248 in
990 2190 1094 2258 armis,
1110 2187 1166 2248 sed

202 2271 356 2331 confestim
382 2272 419 2331 ad
443 2282 594 2333 certamen
620 2275 688 2350 egit.
738 2281 834 2332 castra
859 2270 1013 2332 vallantem
1041 2272 1166 2332 Fabium

160 2360 192 2413 to
204 2354 298 2415 adorti
313 2363 390 2414 sunt.
422 2374 495 2434 quos
513 2355 565 2415 ubi
580 2357 687 2417 eilusos
703 2374 792 2417 ruere
812 2358 843 2415 11
864 2358 1045 2416 munimenta
1061 2354 1167 2416 consul
1257 2415 1258 2426 ,

167 2473 171 2478 ,
201 2438 285 2507 vidit,
308 2448 459 2498 revocatos
481 2439 587 2498 milites
602 2439 638 2498 ab
655 2459 760 2518 opere,
782 2448 871 2517 prout
891 2439 949 2499 loci
969 2449 1073 2499 natura
1089 2449 1166 2500 tem·

201 2539 314 2602 pusqne
330 2521 510 2599 patiebatur,
532 2523 572 2581 ita
585 2523 738 2592 instruxit;
763 2524 990 2600 cohortatusque
1011 2523 1165 2602 praedica·
1257 2559 1258 2594 ς

200 2607 281 2664 tione
294 2623 362 2664 vera
378 2623 434 2682 qua
449 2607 478 2663 in
492 2605 596 2664 Tuscis
607 2623 663 2682 qua
679 2608 710 2664 in
723 2607 841 2666 Samnio
856 2615 1007 2684 partorum
1022 2607 1166 2667 decorum

202 2691 337 2764 exiguam
353 2688 544 2765 appendicem
562 2688 679 2748 Etrusci
693 2689 762 2749 belli
779 2691 924 2750 conficere
941 2690 1024 2750 iubet
1039 2699 1069 2749 et
1085 2691 1166 2750 vocis

200 2772 299 2848 inpiae
315 2788 425 2848 poenas
438 2781 592 2849 expetere,
608 2789 665 2850 qua
677 2789 708 2830 se
720 2772 825 2832 urbem
837 2774 998 2833 Romanam
1011 2791 1165 2851 oppugua-

111 2879 117 2898 ι
159 2859 285 2914 tataros
311 2855 412 2912 minati
438 2862 516 2916 sunt.
566 2855 640 2915 haec
664 2863 744 2916 tanta
769 2865 838 2916 sunt
863 2855 1013 2917 alacritate
1039 2857 1167 2916 rnilitum
1257 2867 1258 2942 ζ

201 2937 314 3004 audita,
331 2944 364 2995 ut
377 2936 488 2997 clamor
503 2956 554 2998 sua
569 2946 674 3017 sponte
694 2947 776 2998 ortus
797 2937 966 3018 loquentem
991 2937 1164 3017 interpella·

201 3023 277 3081 verit
289 3019 403 3080 ducem.
435 3031 502 3082 ante
519 3024 690 3103 imperium,
709 3032 777 3082 ante
792 3031 967 3083 concentum
980 3022 1118 3083 tubarum
1131 3041 1167 3083 ac
1257 3015 1258 3086 f

159 3110 193 3166 te
203 3123 349 3165 cornuum
365 3123 452 3166 cursu
469 3107 560 3167 effuso
578 3108 609 3166 iu
624 3106 739 3166 bostem
757 3106 903 3168 seruntur.
934 3124 993 3166 non
1014 3115 1166 3183 tanlquam
1257 3099 1258 3120 ¹

200 3191 233 3250 in
260 3192 338 3248 viros
364 3199 413 3250 aut
438 3199 566 3251 armatos
589 3191 761 3251 incurrunt:
788 3189 933 3250 mirabilia
956 3189 1050 3258 dictu,
1081 3192 1166 3268 signa

200 3274 297 3352 primo
310 3275 384 3350 eripi
402 3285 505 3353 coepta
521 3274 682 3351 signiferis,
699 3273 805 3334 deinde
819 3276 877 3352 ipsi
887 3273 1019 3350 signiferi
1034 3273 1113 3332 trabi
1127 3271 1166 3332 ad

203 3357 353 3415 consulem
375 3361 538 3436 armatique
560 3357 668 3418 milites
690 3377 726 3418 ex
749 3358 811 3416 acie
831 3359 862 3418 iu
881 3359 973 3417 aciem
998 3357 1164 3426 transferri,

202 3444 234 3498 et
244 3439 339 3498 sicubi
354 3450 399 3499 est
412 3453 579 3514 certamen,
604 3443 694 3501 scutis
709 3443 803 3519 magis
817 3466 904 3527 qnam
925 3439 1029 3518 gladiis
1050 3441 1166 3518 geritur
1257 3519 1258 3526 ἵ
