2542 3956
218 177 282 240 288
385 191 478 230 urana
492 189 569 230 xxrr.
587 189 656 230 car,
672 176 714 230 29.
732 177 775 234 30.
792 165 832 248 [a.
848 192 878 232 u.
893 191 919 230 c.
936 168 1000 248 53η

219 359 257 399 ex
268 347 351 417 parte
358 337 451 398 caesis
462 335 534 403 aliis,
544 335 607 396 aliis
618 334 929 416 circumspectantibus
940 336 1040 414 lugam
1046 335 1180 396 Fabiana

190 418 194 468 Ἴ
222 440 253 482 se
268 423 345 488 acies
359 431 481 499 repente
496 419 575 480 velut
591 418 672 480 caelo
689 419 813 480 demissa
831 419 867 480 ad
883 418 1023 494 auxilium
1036 420 1179 480 ostendit.

194 507 334 584 titaque,
355 505 525 584 prinsquam
548 503 583 562 ad
605 505 772 564 coniectum
791 503 843 563 teli
864 505 977 564 veniret
992 512 1042 565 aut
1056 522 1179 564 manum

202 660 206 666 ‚
221 596 405 657 consereret,
424 596 453 646 et
467 604 536 648 suos
548 607 564 648 a
578 588 647 664 iuga
663 587 753 647 cllusa
768 593 799 647 et
812 583 848 646 ab
871 587 957 646 nimis
972 586 1066 646 leroci
1079 605 1181 666 pugna

190 671 321 733 chostes
333 673 486 732 continuit.
516 669 678 748 quisolutis
693 669 846 730 ordinibus
861 687 933 746 vage
949 669 1081 749 dissipati
1095 679 1182 732 erant

222 755 351 835 undique
369 754 565 831 confugerunt
575 753 611 814 ad
626 756 770 830 integram
786 755 893 822 aciem;
911 755 961 832 qui
977 751 1079 831 plures
1092 753 1181 815 simul

221 846 304 916 terga
317 838 459 900 dederant
465 839 599 898 conversi
609 838 638 896 in
649 837 762 898 hostem
774 835 980 916 volventesque
987 834 1092 900 orbem
1100 856 1181 897 nunc

221 925 331 982 sensim
346 920 459 982 referre
476 920 598 999 pedem,
620 938 699 981 nunc
718 919 885 998 conglobati
907 927 1030 981 restare.
1063 939 1099 985 ac
1120 922 1179 980 iam

221 1024 315 1084 prope
329 1023 388 1064 una
401 1005 478 1064 acics
492 1003 565 1064 iacta
580 1012 643 1064 erat
658 1005 724 1064 victi
739 1011 824 1082 atquc
840 1004 948 1080 integri
963 1005 1119 1074 exercitus,
1135 1006 1178 1063 in-

222 1088 416 1166 ferebantque
432 1087 514 1163 signa
531 1089 562 1146 in
587 1088 716 1158 hostem,
741 1105 806 1146 cum
820 1087 936 1147 Poenus
951 1089 1086 1164 receptui
1102 1089 1178 1148 ceci·

190 1173 264 1231 enit
277 1170 374 1248 palam
387 1169 500 1230 ferente
511 1170 689 1242 Hannibale,
705 1169 740 1230 ab
756 1189 788 1230 sc
802 1169 975 1239 Minucium,
992 1189 1024 1232 sc
1036 1170 1073 1237 ab
1087 1170 1177 1232 Fabio

221 1255 338 1314 victum.

191 1346 210 1394 't
284 1337 327 1399 lta
341 1339 514 1417 perreriam
530 1337 677 1398 fortunam
694 1337 753 1396 diei
771 1337 882 1398 maiore
897 1344 981 1416 parte
992 1345 1095 1396 exacta
1111 1355 1177 1397 cum

221 1423 253 1481 in
281 1430 375 1484 castra
404 1420 531 1482 reditum
558 1430 648 1490 esset,
674 1421 818 1499 Minucius
847 1421 1012 1480 convocatis
1037 1420 1178 1481 militibus

192 1510 336 1584 8„saepe
358 1514 439 1583 ego“
461 1506 582 1583 inquit“
602 1504 712 1573 audiri,
740 1503 860 1572 milites,
883 1523 949 1564 eum
967 1505 1097 1581 primum
1113 1523 1177 1564 esse

222 1589 333 1656 virum,
349 1590 400 1667 qui
414 1591 476 1667 ipse
491 1587 625 1648 consulat
642 1586 710 1666 quid
723 1589 755 1648 in
773 1605 837 1648 rem
855 1588 906 1656 sit,
922 1588 1086 1650 secundum
1099 1605 1175 1656 eum,

142 1669 145 1676 ⁴
223 1671 273 1748 qui
295 1670 371 1730 bene
396 1671 529 1731 monenti
548 1669 698 1740 oboediat;
721 1673 841 1749 quince
861 1673 924 1748 ipse
944 1669 1100 1732 consulere
1123 1689 1179 1731 nec

190 1751 305 1812 callen
320 1771 425 1832 parere
440 1755 528 1822 sciat,
550 1771 617 1812 eum
636 1757 759 1814 extremi
773 1756 883 1832 ingenii
898 1773 971 1814 esse.
1003 1753 1090 1815 nobis
1104 1774 1177 1835 quo·
1251 1813 1252 1824 ,

222 1837 300 1896 niam
316 1837 412 1915 prima
429 1837 520 1896 animi
539 1838 708 1916 ingeniique
729 1847 834 1915 negata
857 1855 921 1898 sors
936 1846 995 1908 est,
1016 1838 1177 1900 secundam

223 1919 398 1980 comediam
413 1927 565 1980 teneamus
581 1929 624 1991 et,
647 1921 716 1981 dum
732 1923 878 2000 imperare
894 1920 1047 1992 discimus,
1070 1940 1178 2000 parere
1251 1951 1252 1992 r

180 2010 213 2061 to
223 2003 362 2083 prudenti
376 2005 406 2064 in
421 2005 551 2064 anirnmn
563 2004 744 2064 inducamus.
779 2011 874 2065 castra
890 2023 957 2064 cum
971 2004 1061 2066 Fabio
1072 2007 1178 2084 iunga-

221 2093 303 2156 mtrs;
326 2087 362 2147 ad
380 2088 559 2167 praetorium
582 2089 643 2148 eius
665 2088 748 2165 signa
769 2105 835 2148 cum
862 2087 1027 2158 tulerimus,
1055 2089 1109 2150 ubi
1123 2108 1178 2167 ego

223 2187 290 2230 eum
304 2178 456 2248 parentem
472 2171 671 2249 appellavero,
693 2171 771 2250 quod
786 2170 929 2232 beneficio
955 2173 1017 2232 eius
1033 2190 1104 2250 erga
1122 2192 1179 2234 nos
1251 2247 1252 2250 Ἴ

181 2259 210 2310 11
224 2271 258 2313 ac
276 2255 426 2314 maiestate
444 2254 507 2314 eius
522 2255 642 2332 dignum
661 2262 717 2324 est,
734 2272 799 2322 vos,
823 2255 944 2326 milites,
967 2274 1033 2326 eos,
1049 2273 1178 2334 quorum
1251 2259 1252 2302 ἒ

223 2356 274 2398 ros
294 2337 381 2398 modo
404 2355 486 2398 arma
507 2338 644 2398 dexterae
664 2346 815 2406 texerunt,
842 2349 982 2417 patronos
1003 2337 1178 2409 salutabitis,

223 2428 266 2491 et,
283 2423 308 2480 si
325 2421 397 2480 nibil
409 2420 500 2490 alind,
517 2429 667 2498 gratorum
680 2428 759 2482 certe
773 2421 859 2481 nobis
870 2423 1034 2484 animorum
1051 2421 1178 2500 gloriam

194 2511 206 2560 l
221 2503 283 2566 dies
298 2504 346 2566 bic
361 2503 505 2564 dederit.“
532 2505 619 2569 XXX.
643 2500 732 2584 Signo
746 2504 813 2565 dato
830 2504 1027 2566 conclamatur
1042 2506 1129 2576 inde,
1149 2517 1181 2568 ut

223 2589 396 2667 colligantur
410 2607 486 2648 vasa.
520 2589 645 2668 proiecti
667 2598 696 2649 et
710 2590 826 2666 agmine
843 2589 1012 2650 incedentes
1026 2592 1071 2650 ad
1085 2589 1179 2652 dicta·

222 2674 295 2732 toris
309 2681 402 2734 castra
422 2673 453 2731 in
470 2672 693 2734 admirationem
712 2680 742 2733 et
760 2673 855 2751 ipsum
869 2681 899 2732 et
912 2691 1015 2735 omnes
1030 2675 1082 2752 qui
1097 2675 1178 2734 circa

191 2762 307 2815 aeram
321 2763 538 2816 converterunt.
564 2765 598 2817 ut
608 2758 762 2817 constituta
783 2763 851 2816 sunt
863 2763 928 2816 ante
939 2755 1067 2817 tribunal
1082 2759 1178 2834 signa,

221 2855 396 2914 progressus
415 2846 483 2897 ante
503 2839 574 2899 alios
591 2841 888 2918 magiscampum,
905 2859 973 2900 cum
988 2846 1105 2918 patrem
1119 2841 1176 2900 Fa·
1251 2865 1252 2912 3

221 2918 302 2980 bium
310 2919 483 2997 appellasset
494 2922 742 3001 circumfusosque
754 2922 876 2982 militum
887 2923 950 2983 eius
962 2931 1056 2985 totum
1068 2941 1178 3002 agmen
1251 2933 1252 2936 ’

189 3009 361 3082 3patronos
372 3002 596 3074 consalutassct,
608 3005 830 3083 „parentibus“
844 3009 940 3085 inquit
954 3053 972 3076 „
982 3007 1068 3075 meis,
1082 3007 1176 3066 dieta·
1251 3015 1252 3074 t

222 3098 283 3157 tor,
301 3086 409 3167 quibus
422 3094 451 3147 te
464 3087 551 3148 modo
563 3091 696 3157 nomine,
718 3107 775 3168 quo
792 3089 880 3149 lando
890 3108 1024 3167 possum,
1041 3093 1174 3169 aequari,

222 3173 309 3230 vitam
320 3178 434 3232 tantum
446 3171 547 3242 debeo,
562 3171 617 3232 tibi
631 3191 696 3232 cum
709 3191 804 3234 meam
816 3171 949 3240 salutem,
966 3180 1028 3233 tum
1040 3175 1175 3236 omniurn

194 3255 336 3314 thorum.
373 3255 471 3333 itaque
488 3254 586 3332 plebei
603 3257 724 3326 scitum,
751 3275 808 3335 quo
833 3263 971 3316 oneratus
992 3273 1057 3316 sum
1078 3259 1174 3334 magis
1251 3290 1252 3340 3

222 3354 308 3412 quarn
326 3337 501 3406 honoratus
517 3341 629 3416 primus
645 3341 764 3416 antiquo
780 3337 948 3417 abrogoque
966 3348 1007 3408 et,
1026 3340 1105 3418 quod
1120 3339 1175 3398 tibi
1251 3379 1252 3388 ,

218 3417 350 3494 mihique
372 3417 479 3498 [quod]
505 3419 738 3500 exercitibusque
758 3421 804 3481 his
825 3424 895 3492 tuis,
917 3429 1030 3482 serrato
1051 3439 1085 3482 ac
1101 3440 1174 3483 con·
