2538 3946
198 179 265 242 240
409 194 505 236 urrann
518 193 582 236 m.
598 191 667 236 em.
681 180 726 235 43.
743 143 784 255 [a.
798 196 830 236 n.
845 195 872 236 c.
887 171 952 256 5³6]

201 341 403 413 moriendum,
419 341 537 411 milites,
553 349 606 411 ost,
619 340 672 401 ubi
684 341 814 420 primum
829 341 908 402 hosti
922 343 1103 404 occurristis.
1134 352 1166 404 et

202 426 306 488 eadem
315 427 447 496 lorium,
463 443 538 505 quae
548 426 752 485 necessitatem
763 425 914 505 pugnandi
923 426 1063 504 inposuit,
1076 444 1166 505 prae·

202 511 261 572 mia
276 509 358 570 robis
373 527 407 570 ea
421 509 581 570 victoribus
600 509 754 587 proponit,
777 508 883 589 quibus
903 508 1047 587 ampliora
1066 510 1165 570 homi-

172 600 191 652 n
203 611 256 654 nes
268 609 307 654 ne
324 592 361 653 ab
375 593 432 653 diis
445 592 564 672 quidem
577 590 783 653 inmortalibus
798 599 902 671 optare
915 591 1021 654 solent
1051 595 1077 653 si
1091 593 1165 654 Sici·

201 677 271 738 liam
282 684 395 738 tantum
407 695 442 736 ae
453 676 617 738 Sardiniam
630 676 803 754 parentibus
814 677 922 736 nostris
934 684 1051 754 ereptas
1062 687 1165 738 nostra

200 763 308 822 virtute
334 761 538 840 recuperaturi
568 769 713 829 essemus,
738 762 809 820 satis
829 765 930 819 tomen
951 759 1049 838 ampla
1068 763 1163 839 pretia

200 852 313 906 esseut:
331 844 472 925 quidquid
484 842 608 905 Romani
619 849 663 902 tot
672 844 830 924 triumphis
843 850 961 921 parterm
976 852 1163 922 congestum·

201 946 259 1008 que
275 928 439 1009 possident,
459 927 491 986 id
514 943 602 987 omne
616 933 747 987 vestrum
764 944 831 988 cunr
846 928 919 1004 ipsis
939 926 1068 989 dominis
1085 927 1161 989 iutu-

173 1019 268 1073 trum
284 1020 337 1074 est
368 1013 488 1071 inhanc
501 1017 562 1070 tam
576 1009 705 1089 opimam
722 1010 905 1080 mercedem,
922 1013 1000 1088 agite
1019 1010 1091 1072 dum
1107 1011 1162 1072 diis

175 1095 279 1156 sirene
292 1094 458 1155 iurantibus
472 1111 554 1154 arma
570 1096 675 1173 capite.
704 1096 775 1154 satis
789 1093 885 1155 adhuc
897 1095 930 1154 iu
944 1096 1034 1156 vastis
1050 1095 1163 1156 Lusita-

201 1180 267 1239 niae
283 1178 516 1258 Celtiberiaeque
538 1177 687 1238 montibus
700 1195 810 1258 pecora
829 1177 1029 1239 consectando
1049 1178 1163 1239 nullum

201 1261 434 1324 emolumentum
447 1267 492 1322 tot
513 1259 649 1322 laborum
666 1261 926 1340 periculorumque
940 1269 1106 1322 vestrorum
1120 1265 1162 1322 ri·

171 1346 298 1408 odistis:
316 1355 432 1426 tempus
444 1347 557 1407 estiam
568 1345 706 1425 opulenta
717 1363 768 1406 vos
779 1363 814 1406 ac
825 1345 895 1406 ditia
906 1345 1051 1425 stipendia
1063 1347 1163 1408 iacere

201 1438 231 1492 et
247 1447 353 1510 magna
376 1448 484 1511 operae
504 1431 600 1509 pretia
619 1431 744 1501 mereri,
767 1437 880 1492 tantum
899 1430 1014 1490 itineris
1040 1447 1104 1508 per,
1120 1437 1164 1490 tot

158 1519 192 1571 ιο
203 1521 318 1576 montes
344 1513 524 1592 fluminaque
545 1520 575 1573 et
598 1520 644 1574 tot
663 1520 790 1574 armatas
817 1519 919 1592 gentes
938 1531 1084 1578 emensos.
1113 1513 1163 1574 hic

200 1595 283 1659 robis
297 1599 458 1658 terminum
470 1596 606 1658 labomm
627 1597 745 1658 fortuna
764 1596 861 1666 dedit;
883 1597 934 1658 hic
948 1596 1068 1674 dignam
1082 1615 1162 1658 mer·

200 1679 304 1741 cedem
320 1683 450 1741 emeritis
465 1681 619 1758 stipendiis
634 1678 747 1740 dabit.“

159 1771 189 1821 tl
264 1762 346 1834 „Nec
367 1781 455 1842 quam
471 1765 571 1839 magni
586 1764 714 1824 nominis
732 1762 842 1825 bellum
859 1770 918 1834 est,
937 1770 996 1825 tam
1012 1762 1161 1825 difficilem

200 1847 399 1906 existimaritis
418 1847 572 1908 victoriam
593 1845 673 1908 iore:
695 1863 784 1926 saepe
804 1854 835 1909 et
859 1854 1047 1927 contemptus
1068 1846 1162 1908 hostis

200 1937 356 1992 cruentum
371 1936 522 1990 certamen
536 1929 629 1990 edidit
644 1938 675 1991 et
688 1930 783 1992 incliti
804 1930 906 2011 populi
927 1947 1073 2012 regesque
1093 1949 1162 2010 per·
1250 1935 1251 1938 ’

159 2021 190 2073 12
200 2011 257 2075 leri
277 2021 427 2076 momento
446 2014 515 2074 victi
538 2020 615 2075 suut.
652 2031 721 2075 nam
744 2014 865 2093 dempto
886 2014 944 2075 hoc
964 2022 1025 2076 uuo
1044 2013 1163 2092 fulgore

200 2100 327 2158 nominis
342 2096 468 2159 Romani
481 2097 626 2178 quidest,
648 2115 702 2159 cur
722 2094 765 2158 illi
783 2097 866 2158 robis
889 2098 1071 2178 conparandl
1084 2100 1163 2159 siuti
1249 2137 1250 2175 q

157 2189 189 2241 13
199 2189 232 2242 ut
247 2183 349 2259 viginti
363 2197 509 2242 annorum
523 2181 657 2243 militiam
671 2187 799 2242 vestram
813 2199 881 2244 cum
895 2181 946 2242 illa
955 2183 1076 2253 virtute,
1093 2199 1162 2244 cunr

198 2264 247 2326 illa
260 2265 380 2326 fortuna
394 2265 522 2335 taceam,
538 2264 575 2324 ab
589 2263 724 2326 Herculu
739 2263 900 2336 columnis,
915 2265 953 2326 ab
966 2265 1085 2326 Oceano
1101 2272 1162 2327 ter·

200 2350 345 2427 minisque
358 2347 469 2410 ultimis
484 2355 633 2409 terrarum
653 2366 709 2427 per
725 2355 769 2408 tot
787 2348 987 2416 ferocissimos
1001 2349 1163 2428 Hispaniae
1248 2399 1249 2402 η

159 2440 190 2491 14
201 2438 231 2492 et
250 2431 362 2492 Galliae
380 2429 506 2511 populos
528 2433 680 2494 vincentes
701 2430 760 2494 huo
781 2433 972 2512 pervenistis:
992 2431 1163 2511 pugnabitis

200 2534 266 2576 eum
282 2518 414 2576 exercitu
426 2517 540 2586 tirone,
561 2515 617 2576 hac
632 2517 694 2594 ipsa
714 2523 825 2577 aestate
840 2534 926 2578 caeso
941 2516 1017 2577 ricto
1033 2517 1163 2579 eircum-
1247 2591 1248 2598 ἵ

199 2616 279 2660 sesso
295 2599 430 2670 ailadis,
449 2599 550 2678 ignoto
564 2598 660 2660 adhuc
674 2598 742 2660 duci
755 2617 809 2661 suo
819 2601 1027 2680 ignorantique
1043 2599 1162 2662 ducem.
1247 2609 1248 2633 ¹

158 2691 189 2742 15
201 2699 239 2743 an
252 2700 300 2743 me
316 2683 347 2742 in
367 2684 519 2762 praetorio
539 2685 646 2762 patris,
668 2681 824 2745 clarissimi
842 2684 1046 2764 imperatoris;
1066 2703 1164 2764 prope

199 2773 315 2835 natum,
331 2773 413 2826 certe
431 2767 583 2837 eductum,
605 2767 781 2829 domitorem
801 2767 959 2847 Hispaniae
981 2766 1163 2848 Galliaeque,

200 2849 341 2908 rictorem
355 2847 483 2909 eundern
496 2868 557 2910 uon
567 2849 740 2929 Alpinarum
753 2851 841 2913 modo
857 2853 1003 2930 gentium,
1020 2852 1072 2913 scd
1082 2854 1163 2931 ipsa·

200 2949 282 3001 rum,
303 2931 382 3009 quod
395 2930 488 2992 multo
507 2935 601 2992 maius
622 2941 681 3002 est,
696 2932 827 3012 Alpium,
849 2953 917 2997 curu
932 2937 1090 2996 semenstri
1104 2936 1166 2996 hoc

161 3023 192 3074 10
203 3015 355 3076 conferam
365 3015 453 3086 duce,
469 3016 620 3076 desertore
632 3019 778 3078 exercitus
788 3019 851 3079 suii
880 3020 927 3080 cui
941 3021 967 3078 si
981 3020 1046 3100 quis
1057 3019 1164 3098 demp-
1245 3007 1246 3030 ¹

200 3101 238 3160 tis
252 3100 344 3177 siguis
365 3100 481 3161 Poenos
500 3100 707 3180 Romanosque
728 3101 816 3163 hodie
837 3104 986 3172 ostendat,
1007 3103 1163 3180 ignoratu-

160 3189 191 3240 17
201 3201 267 3244 rum
281 3191 395 3245 certum
409 3183 520 3256 habeo,
543 3186 638 3246 utrius
657 3187 802 3246 exercitus
820 3187 860 3247 sit
878 3185 988 3249 consul.
1027 3204 1088 3246 non
1106 3205 1164 3264 ego
1244 3199 1245 3226 ³

200 3265 272 3326 illud
283 3268 366 3346 parri
380 3270 516 3340 aestimo,
532 3268 656 3338 milites,
668 3268 746 3347 quod
761 3287 848 3330 nemo
860 3277 905 3331 est
915 3277 1058 3339 restrum,
1076 3271 1165 3330 cuius

202 3367 261 3409 non
276 3357 344 3410 ante
360 3350 460 3414 oculos
476 3355 540 3432 ipse
554 3369 642 3430 saepe
656 3352 782 3414 militare
796 3352 913 3434 aliquod
929 3352 1073 3415 ediderim
1088 3353 1165 3414 laci·
1243 3407 1244 3412 ,

202 3448 272 3499 nus,
294 3435 342 3491 cui
363 3451 422 3493 non
443 3435 522 3496 idem
543 3453 599 3513 ego
615 3437 730 3496 virtutis
743 3445 891 3517 spectator
907 3455 942 3498 ac
960 3436 1043 3497 testis
1058 3442 1166 3498 notata
