2538 3946
193 201 256 265 236
344 212 439 256 nassa
453 213 518 258 m.
536 212 605 256 car.
616 199 661 254 38.
676 196 720 253 39.
735 199 779 255 ab.
795 189 835 274 [e.
853 213 884 254 n.
903 213 930 255 e.
944 190 1009 275 bac]

164 373 279 426 anuos
294 362 332 422 ad
346 360 455 422 Libuos
466 360 564 422 Gallos
574 360 771 422 deduxissent.
803 377 860 422 nec
873 357 1044 420 verisimile
1060 367 1106 422 est
1121 379 1166 423 ea.

195 457 257 508 tum
272 446 309 506 ad
325 443 446 508 Galliam
458 447 587 522 patuisse
603 445 724 512 itinera;
740 444 840 522 utique
851 460 926 523 quae
937 442 975 504 ad
988 443 1160 506 Poeninum

164 530 294 592 aierunt
314 529 453 607 obsaepta
483 527 619 608 gentibus
640 527 864 606 semigermanis
890 526 1025 587 inissent.
1057 545 1160 606 neque

192 611 314 676 hercule
328 611 478 674 montibus
490 613 550 683 bis,
569 613 698 690 siquem
706 610 790 673 Porte
802 609 834 670 id
848 617 960 680 moret,
976 608 1013 671 ab
1029 613 1161 672 transitu

193 698 362 760 Poenorum
378 695 438 756 ullo
455 695 566 756 Seduni
578 697 716 774 Veragri,
737 693 852 756 incolae
866 693 1025 772 iugieius,
1044 701 1160 756 norunt

193 798 303 842 nomen
314 781 449 849 inditum,
464 779 516 840 sed
532 778 569 840 ab
581 796 627 850 eo,
643 797 731 856 quern
745 780 778 838 in
792 794 908 838 summo
925 783 1072 840 moratum
1089 795 1159 838 ver·

194 867 252 926 tice
265 864 429 925 Poeninum
446 865 580 922 montani
594 861 751 942 appellant.

165 955 180 1009 1
252 947 380 1010 XXXIX.
415 947 638 1024 Peropportune
666 944 704 1006 ad
725 945 870 1024 principia
882 960 986 1006 rerum
1006 943 1159 1014 Taurinis,

192 1032 346 1112 proximae
366 1031 461 1106 genti,
491 1029 632 1090 adversus
658 1028 798 1090 Insubres
819 1033 932 1089 motum
953 1026 1066 1088 beHum
1082 1035 1158 1090 erat.

193 1115 246 1176 sed
270 1131 386 1175 armare
409 1114 571 1174 exercitum
592 1111 752 1182 Hannibal,
779 1117 813 1172 ut
837 1112 915 1187 parti
941 1109 1027 1172 alteri
1047 1109 1161 1172 auxilio

194 1204 285 1266 esset,
311 1198 343 1256 in
368 1195 528 1256 reficiendo
553 1197 681 1256 maxinrc
707 1196 884 1256 sentientem
911 1200 1063 1256 contracta
1089 1201 1162 1256 ante

164 1279 283 1349 amaia,
301 1297 362 1342 non
373 1286 502 1358 poterat:
511 1281 612 1340 ,otium
625 1281 704 1340 enim
717 1295 754 1340 cx
766 1277 884 1348 labore,
900 1279 984 1357 eopia
996 1295 1033 1338 ex
1045 1279 1160 1356 inopia,

193 1363 289 1426 cultus
305 1382 342 1425 ex
360 1361 469 1426 inluvie
484 1362 610 1442 tabeque
624 1361 763 1442 squalida
781 1367 810 1422 ct
830 1379 925 1440 prope
945 1361 1066 1422 efferata
1090 1379 1159 1422 eor·

165 1454 267 1528 spera
280 1449 360 1510 varie
371 1445 516 1510 movebat.
540 1464 573 1508 ea
585 1447 618 1507 P.
632 1445 768 1507 Cornelio
779 1443 895 1506 consuli
909 1462 997 1506 causa
1008 1445 1072 1515 luit,
1089 1463 1160 1508 oum

193 1531 277 1592 Pisas
291 1530 414 1592 navibus
430 1531 572 1599 venisset,
590 1530 721 1590 exercitu
732 1549 748 1590 a
759 1527 867 1590 blanlio
877 1527 1024 1607 Atilioque
1034 1537 1158 1606 accepto

193 1617 291 1674 tirone
307 1621 337 1674 et
350 1617 382 1673 in
393 1615 476 1674 novis
489 1613 660 1690 ignominiis
669 1611 796 1690 trepido,
813 1610 850 1671 ad
862 1611 975 1672 Padum
988 1609 1157 1682 iestinandi,

166 1704 228 1757 cut
242 1715 310 1757 cum
324 1697 409 1757 hoste
424 1695 555 1756 nondum
569 1695 682 1756 reiecto
697 1711 802 1756 manns
816 1702 995 1756 consereret.
1025 1693 1077 1756 sed
1090 1713 1157 1756 cnm

194 1779 374 1842 Placentiam
392 1777 495 1838 consul
509 1779 601 1846 venit,
617 1778 677 1838 iam
693 1795 729 1838 ex
744 1778 855 1839 stativis
871 1785 1003 1840 moverat
1011 1777 1160 1839 Hannibal

194 1862 451 1941 Taurinorumque
474 1879 564 1922 unam
591 1861 712 1932 urbem,
745 1869 833 1941 caput
857 1863 953 1940 geniis
982 1863 1060 1937 cius,
1090 1863 1160 1940 quia

167 1946 326 2007 5volentes
350 1947 382 2007 in
402 1946 560 2007 amicitiam
581 1963 642 2006 non
660 1943 830 2014 veniebant,
856 1945 1102 2025 viexpugnarat;
1130 1951 1161 2005 et

194 2031 337 2090 iunxisset
351 2028 408 2090 sibi
427 2046 486 2090 non
501 2036 583 2090 metu
598 2027 708 2099 solum,
724 2028 775 2089 sed
791 2029 879 2089 etiam
894 2026 1043 2090 voluntate
1060 2026 1160 2089 Gallos

195 2112 310 2174 accolas
332 2112 417 2183 Padi,
444 2115 476 2173 ui
491 2129 541 2174 eos
561 2113 832 2190 circumspectantis
846 2111 1019 2172 delectionis
1039 2117 1160 2191 tempus

167 2195 291 2256 osubito
306 2195 432 2256 adventu
452 2195 556 2256 consul
572 2197 775 2275 oppressisset.
809 2202 839 2256 et
854 2194 1000 2256 Hannibal
1016 2197 1160 2256 moriter

195 2280 346 2349 Taurinis,
373 2280 516 2348 incertos,
551 2297 627 2357 quae
656 2297 727 2358 pars
751 2277 902 2358 sequenda
933 2286 1025 2348 esset,
1059 2277 1160 2340 Gallos

168 2370 382 2442 rpraeseniem
401 2369 554 2424 secuturos
576 2378 608 2422 se
627 2369 718 2424 ratus.
751 2363 811 2423 iarn
833 2380 926 2441 prope
943 2363 975 2422 in
996 2369 1160 2441 conspectu

197 2454 282 2508 erant
294 2448 450 2516 exercitus,
467 2453 723 2526 convenerantque
739 2445 830 2506 duces
842 2447 929 2506 sicuti
945 2447 1023 2508 inter
1036 2463 1068 2507 se
1081 2463 1159 2506 non·

196 2531 266 2590 dum
277 2531 424 2600 satisnoti,
444 2531 485 2590 ita
497 2528 683 2590 iaminbutus
696 2529 955 2609 uterquequadam
965 2527 1161 2590 admiratione

167 2619 184 2672 8
197 2612 326 2674 alterius.
361 2631 430 2675 nam
446 2611 619 2674 Hannibalis
638 2620 669 2674 et
685 2613 762 2692 apud
777 2613 926 2676 Romanos
946 2613 1004 2673 iam
1022 2620 1091 2674 ante
1105 2613 1160 2674 Sa·

195 2699 279 2776 gunti
300 2697 446 2758 excidium
461 2695 688 2758 celeberrimum
710 2714 821 2758 nomen
836 2704 914 2766 erat,
936 2703 967 2756 et
988 2696 1160 2774 Scipionem

196 2779 342 2840 Hannibal
358 2798 393 2839 eo
406 2782 488 2858 ipso,
506 2780 583 2859 quod
598 2779 737 2842 adversus
750 2798 782 2840 se
794 2779 854 2841 dux
866 2781 1052 2858 potissimum
1063 2779 1161 2840 lectus

167 2868 286 2930 sessor,
302 2868 501 2939 praestantem
521 2865 617 2924 virum
639 2863 789 2926 credebat.
825 2870 853 2923 ct
869 2871 1012 2926 auxerant
1030 2865 1110 2924 inter
1126 2881 1160 2926 sa

197 2946 381 3024 opinionem,
405 2945 518 3024 Scipio,
540 2945 619 3024 quod
640 2945 761 3008 relictus
780 2945 812 3004 in
829 2944 921 3008 Gabia
942 2946 1045 3008 obvius
1060 2946 1162 3008 iuerat

196 3031 228 3090 in
242 3027 354 3092 ltaliam
369 3035 553 3105 transgresso
567 3028 737 3101 Hannibali,
758 3030 912 3092 Hannibal
929 3036 959 3091 et
975 3040 1083 3091 conatu
1096 3037 1160 3090 tam

157 3121 188 3172 ιο
199 3112 302 3175 audaci
315 3113 545 3173 traiciendarum
560 3111 677 3192 Alpium
692 3119 723 3174 et
736 3113 850 3176 effectu.
881 3115 1033 3192 occuparit
1057 3121 1160 3174 mmen

199 3198 296 3274 Scipio
308 3194 419 3256 Padum
431 3198 567 3263 traicere.
581 3204 611 3276 et
621 3197 658 3259 ad
670 3196 805 3259 Ticinum
816 3213 933 3258 amnem
945 3198 1032 3258 motis
1043 3198 1150 3258 castris
1249 3209 1250 3222 ¹

197 3281 367 3356 priusquam
398 3277 540 3342 educeret
562 3282 595 3340 iu
620 3281 728 3351 aciem,
757 3280 1006 3342 adhortandorum
1030 3278 1159 3340 militum

199 3377 285 3421 causa
299 3358 388 3422 talem
403 3365 568 3424 orationem
581 3370 626 3422 est
640 3379 772 3424 exorsus.

172 3449 185 3497 1
259 3441 319 3502 XL.
350 3445 408 3513 „si
424 3462 491 3506 eum
504 3447 679 3516 exercitum,
694 3445 818 3518 milites,
836 3447 993 3508 educerem
1003 3448 1035 3506 in
1050 3447 1159 3516 aciem,
