2538 3946
231 219 297 286 258
407 233 501 276 amna
515 233 579 274 xxr.
596 231 668 274 ear.
680 217 724 273 63.
742 207 782 292 [a.
797 232 830 272 a.
845 231 871 270 e.
885 214 946 269 1311.
960 205 1024 290 511]

233 379 367 444 habitum
389 381 426 441 ad
446 380 561 441 inactus
583 397 620 440 ex
640 379 720 456 agris
739 375 912 444 sectandam
936 382 1076 456 quaestus
1096 379 1203 439 omnis

232 464 365 546 patribus
381 463 539 525 indecorus
552 464 640 524 visus
676 478 795 540 reaper
809 477 956 520 summam
971 461 1201 522 contentionem

233 556 298 610 acta
315 548 454 610 invidiam
468 545 546 628 apud
558 543 741 608 nobilitatem
755 559 870 605 suasori
859 540 958 624 legis
970 541 1134 614 Flaminio,
1151 545 1201 604 ia·

232 649 333 694 rorem
351 630 429 711 apud
442 629 560 710 plebem
575 628 758 707 alterumque
772 626 843 688 inde
864 625 1050 688 consulatum
1063 629 1199 707 peperit.

166 791 169 796 Ι
201 714 272 777 tob
286 715 360 777 baec
382 721 464 776 ratus
478 713 616 792 auspiciis
636 710 831 773 ementiendis
852 709 1084 790 Latinarumque
1103 709 1199 772 ίπίε-

232 817 300 860 rum
314 815 398 860 mora
413 803 444 858 et
459 795 665 858 consularibus
673 793 738 856 aliis
751 793 961 891 inpedimentis
974 801 1149 856 retenturos
1163 813 1199 856 se

231 884 265 943 in
277 881 361 952 urbe,
377 879 513 942 simulato
524 880 631 940 itinere
641 879 772 958 privatus
783 876 878 938 clam
869 895 900 937 1n
910 879 1093 956 provinciam
1110 877 1197 940 abiit

123 1011 127 1020 .
202 983 267 1040 gea
290 983 338 1026 res
361 963 413 1025 ubi
436 963 533 1042 palam
554 962 630 1024 iacta
645 968 702 1032 est,
724 979 830 1023 noram
842 962 967 1040 insuper
985 962 1060 1024 iram
1076 962 1198 1024 infestis

231 1051 290 1109 iam
307 1055 374 1108 ante
389 1046 522 1126 patribus
538 1047 643 1107 morit:
657 1063 717 1107 non
737 1063 805 1106 cum
820 1052 924 1106 senatu
938 1045 1044 1115 modo,
1066 1045 1119 1106 sed
1132 1047 1197 1107 iam

203 1141 300 1192 tcum
314 1131 371 1192 diis
385 1129 589 1192 inmortalibus
602 1130 634 1192 G.
653 1129 830 1190 Flaminium
845 1127 956 1190 bellum
973 1145 1089 1208 gerere.
1121 1147 1196 1190 con·

231 1213 325 1276 sulem
345 1223 413 1276 ante
431 1215 613 1293 inauspicato
635 1213 746 1274 iactum
766 1211 974 1274 revocantibus
994 1231 1030 1274 ex
1045 1214 1111 1292 ipsa
1127 1215 1195 1276 acie

233 1297 288 1360 dlis
300 1304 385 1378 atque
400 1296 570 1359 hominibus
581 1314 642 1358 non
656 1297 805 1376 paruisse:
821 1313 902 1357 nunc
913 1297 1094 1358 conscientia
1107 1315 1195 1375 sprc-

231 1389 330 1444 torum
344 1389 375 1443 et
385 1380 558 1460 Capitolium
568 1388 598 1440 et
607 1379 781 1441 sollemnem
791 1385 928 1441 votorum
940 1381 1194 1458 nuncupationem

203 1466 355 1544 elogisse,
370 1483 409 1526 ne
423 1465 471 1525 die
486 1465 552 1525 initi
566 1465 754 1542 magistratus
767 1461 844 1524 lovis
862 1464 966 1542 optimi
979 1464 1101 1524 maximi
1115 1471 1195 1524 tem·

230 1547 312 1628 plum
329 1549 438 1617 adiret,
456 1566 494 1609 ne
508 1553 643 1609 senatum
659 1549 771 1608 inrisos
786 1548 851 1625 ipse
875 1553 905 1607 et
925 1545 983 1608 sibi
998 1547 1051 1607 uni
1063 1545 1194 1608 inrisum

230 1630 344 1694 uderet
357 1629 596 1710 consuleretque,
612 1649 651 1692 ne
660 1630 780 1692 Latinas
793 1630 940 1692 indiceret
952 1630 1071 1710 touque
1080 1629 1194 1691 Latiari

200 1722 218 1773 u
230 1713 373 1775 sollemne
385 1732 502 1775 sacrum
513 1715 545 1773 in
560 1721 661 1774 monte
675 1714 804 1785 laceret,
822 1732 860 1776 ne
874 1714 1025 1793 auspicato
1039 1713 1193 1792 proiectus

229 1799 262 1858 in
278 1796 453 1877 Capitolium
476 1797 513 1858 ad
534 1803 601 1858 vota
621 1798 831 1877 nuncupanda,
855 1797 1011 1877 paludatus
1031 1797 1102 1858 inde
1118 1816 1192 1860 curn

229 1879 383 1942 lictoribus
399 1882 429 1942 in
445 1882 628 1960 provinciam
642 1883 709 1942 iret.
740 1881 817 1943 lixae
830 1882 919 1943 modo
935 1883 999 1942 sine
1014 1879 1190 1959 insignibus,
1249 1923 1250 1951 i

230 1966 294 2026 sine
310 1963 462 2026 lictoribus
475 1964 643 2044 proiectum
658 1963 749 2036 clam,
766 1966 882 2033 lurtim,
905 1965 985 2027 baud
1000 1964 1085 2028 aliter
1100 1983 1191 2045 quam

188 2057 222 2108 10
232 2050 257 2110 si
273 2047 351 2110 exilii
374 2066 459 2112 cansa
481 2048 577 2110 solum
591 2050 734 2110 vertisset.
764 2051 858 2128 magis
872 2068 928 2129 pro
942 2050 1095 2110 maiestate
1110 2048 1192 2109 vide-

230 2130 300 2192 licet
314 2133 431 2212 imperii
443 2132 569 2193 Arimini
589 2150 677 2212 quam
695 2132 807 2194 Romae
827 2135 1032 2212 magistratum
1045 2133 1190 2194 initurum

231 2223 261 2276 et
279 2215 311 2274 in
326 2214 494 2276 deversorio
513 2215 652 2295 hospitali
673 2235 760 2295 pam
781 2215 859 2295 apud
880 2223 1003 2294 penates
1018 2233 1089 2277 snos
1102 2233 1189 2295 prac-

188 2306 219 2358 11
232 2306 342 2359 textam
365 2306 561 2377 sumpturum.
596 2299 795 2361 revocandum
815 2299 946 2361 universi
961 2299 1188 2362 retrahendum·

230 2391 485 2462 succensuerunt
507 2390 537 2443 et
560 2383 725 2462 cogendum
748 2382 884 2444 omnibus
903 2385 986 2463 prius
1001 2391 1189 2463 praesentem

229 2468 261 2527 in
273 2465 344 2526 deos
354 2467 547 2546 hominesque
559 2466 642 2544 iungi
656 2467 777 2538 officiis,
793 2484 881 2547 quam
893 2467 929 2528 ad
941 2470 1104 2530 exereitum
1117 2474 1147 2529 et
1156 2470 1189 2528 in

188 2550 412 2630 12pror1nciam
426 2551 492 2610 iret.
521 2551 553 2609 iu
564 2567 629 2611 eam
644 2550 821 2628 legationem
839 2583 874 2596 -
890 2549 1002 2629 legatos
1017 2552 1096 2613 enim
1112 2553 1188 2612 rnitti

229 2632 339 2713 placuit
357 2665 400 2678 -·-
421 2633 456 2705 Q
484 2633 641 2694 Terentius
667 2641 697 2695 et
716 2633 754 2695 bl.
782 2634 923 2695 Antistius
949 2635 1077 2713 proiecti
1096 2633 1187 2696 nibilo

229 2719 323 2794 magis
341 2734 408 2778 eum
423 2724 593 2788 moverunt,
609 2735 698 2797 quam
714 2719 816 2796 priore
830 2717 983 2779 consulatu
997 2717 1114 2779 litterae
1124 2737 1186 2778 mo·

187 2804 335 2858 laverant
354 2799 390 2857 ab
413 2808 517 2860 senatu
535 2803 651 2861 missae
687 2817 797 2881 paucos
819 2807 886 2880 post
905 2801 968 2862 dies
986 2803 1186 2880 magistratum

233 2881 315 2948 iniit,
335 2880 549 2960 inmolantique
564 2884 592 2941 ei
609 2883 715 2944 vitulus
730 2887 790 2945 ianr
804 2885 880 2945 ictus
894 2903 911 2945 e
927 2884 1063 2946 manibus
1078 2887 1186 2946 sacrifi·

229 2965 358 3025 cantium
370 2981 509 3024 sesecum
520 2966 723 3044 proripuisset
735 2966 1186 3030 multoscircumstantescruore

185 3047 381 3127 lanespersit.
405 3046 881 3130 iugaproculeuammarorapud
872 3069 1000 3130 ignaros,
1015 3050 1087 3132 quud
1098 3054 1186 3132 trepi-

230 3130 358 3202 daretur,
376 3139 405 3192 et
422 3133 606 3194 concursatio
619 3131 684 3195 luit.
706 3134 737 3195 id
752 3153 768 3196 a
782 3133 953 3215 pler‘nque
944 3151 976 3194 m
988 3152 1077 3195 omen
1089 3137 1186 3213 magni

186 3221 219 3273 15
230 3217 354 3275 terroris
374 3224 537 3295 acceptum.
575 3215 739 3295 legionibus
757 3218 827 3279 inde
847 3217 960 3280 duabus
981 3218 1185 3297 aSempronio

230 3299 340 3376 prioris
353 3299 561 3372 enniconsule
577 3297 691 3360 duabus
705 3299 1188 3464 ε(1.1111111111111111111εοππἪΙ

228 3379 376 3441 Etruriam
391 3399 445 3459 per
456 3383 603 3462 Apennini
613 3385 747 3469 tramites
761 3321 907 3446 exercitlra
921 3384 990 3447 duci
1001 3391 1046 3445 est
