2546 3936
281 213 375 256 arsen
389 213 455 254 vm.
473 213 541 256 ese.
558 202 601 254 24.
618 203 660 255 25.
677 193 717 276 [a.
734 197 769 258 0.
786 204 845 256 327.
863 195 925 279 326]
1049 207 1089 267 75

124 362 277 442 egregium
289 361 404 420 lacinus
416 378 504 420 ausus
512 379 566 440 per
576 361 688 422 medios
696 365 824 441 erumpit
835 363 935 426 hostes
945 375 975 426 et
982 366 1088 427 ducem

123 447 310 510 Lucanorum
325 445 490 504 comminus
505 461 680 522 congressus
699 446 869 516 obtruncat;
890 449 1081 510 contrahens·
1094 456 1129 508 lu

123 549 182 612 que
197 545 265 590 suos
280 545 317 588 ex
331 527 399 605 luga
414 527 525 606 palatos
541 530 721 608 pervenitad
736 547 852 594 amnem
868 534 961 592 ruinis
976 551 1081 593 recen·

123 613 202 674 tibus
217 611 329 710 pontis,
353 629 441 690 quem
459 613 499 671 vis
515 631 608 691 aquae
622 613 798 682 abstulerat,
820 615 998 676 indicantem
1022 617 1088 678 iter

120 715 212 778 quem
225 705 295 756 cum
311 696 436 756 incerto
441 695 514 756 vado
536 699 678 758 transiret
697 714 818 775 agmen,
845 698 939 759 lessus
957 710 1036 760 metu
1053 719 1087 760 ac
1098 707 1130 760 11

121 779 227 842 labore
254 778 374 839 miles
366 795 523 857 increpans
550 798 657 840 nomen
685 780 914 842 abominandum
944 783 1087 844 fluminis:

121 911 141 933 „
154 866 220 924 iure
233 863 364 923 Acheros
380 864 518 924 uocaris“
533 865 637 942 inquit.
668 865 746 944 quod
763 864 814 924 ubi
829 865 865 926 ad
881 883 970 926 aures
982 866 1090 927 accidit

122 949 212 1025 regis
224 945 482 1023 adiecitextemplo
494 949 624 1008 animum
633 949 699 1008 latis
710 949 770 1008 suis
777 948 963 1027 subsu'titque
971 949 1085 1020 dubius,

121 1050 161 1093 an
175 1032 322 1092 transiret.
352 1039 415 1091 tum
427 1031 570 1100 Sotimus,
587 1033 720 1092 minister
733 1050 769 1091 ex
784 1033 873 1110 regiis
888 1033 1000 1110 pueris,
1016 1034 1086 1111 quid
1098 1042 1131 1093 ιι

122 1118 153 1176 in
168 1122 249 1176 tanto
262 1114 432 1174 discrimine
446 1114 569 1192 periculi
585 1124 774 1177 annotaretur
786 1117 987 1194 interrogans,
1012 1117 1087 1177 indi·

122 1208 170 1261 cat
181 1200 315 1260 Lucanos
325 1197 439 1258 insidiis
451 1216 593 1277 quaerere
604 1198 711 1260 locum.
741 1217 815 1278 quos
828 1198 878 1259 ubi
890 1201 1020 1279 respexit
1032 1209 1130 1263 rexit

122 1282 227 1363 procul
242 1299 332 1360 grege
348 1280 425 1341 lacto
441 1285 606 1352 venientes,
626 1285 746 1361 stringit
760 1283 888 1360 gladium
905 1292 934 1343 et
956 1302 1010 1361 per
1024 1303 1085 1344 me-

123 1367 204 1427 dium
221 1383 337 1426 amnem
353 1367 525 1426 transmittit
539 1384 663 1444 equum;
685 1369 802 1445 iamque
818 1368 849 1426 in
863 1367 969 1427 vadum
985 1385 1085 1444 egres·

122 1469 189 1512 sum
205 1449 319 1510 eminus
332 1457 436 1509 veruto
451 1448 587 1510 Lucanus
608 1449 676 1511 exul
696 1451 849 1527 transfigit.
879 1448 993 1526 lapsum
1015 1451 1084 1510 inde
1096 1459 1128 1509 14

124 1552 192 1594 cum
208 1532 380 1594 inhaerente
401 1532 460 1594 telo
476 1529 585 1612 corpus
599 1536 734 1596 exanime
750 1533 854 1594 detulit
869 1534 964 1594 amuis
977 1535 1007 1593 in
1031 1533 1084 1594 ho·

122 1619 212 1680 stium
229 1616 384 1696 praesidia.
417 1616 459 1676 ibi
482 1618 566 1679 loeda
592 1619 730 1682 laceratio
747 1619 882 1715 corppris
902 1618 987 1678 lacta.
1003 1635 1085 1678 nam·

12 1757 14 1760 .
122 1721 180 1782 que
196 1701 329 1781 praeciso
345 1700 442 1760 medio
457 1710 572 1779 partem
585 1703 772 1764 Consentiam
789 1703 914 1767 misere,
932 1719 1001 1780 pars
1014 1701 1085 1779 ipsis

122 1793 238 1846 retenta
259 1784 295 1846 ad
317 1781 487 1845 ludibrium.
517 1803 678 1862 quaecum
699 1783 802 1846 iaculis
822 1787 957 1864 saxisque
980 1784 1084 1864 procul
1096 1793 1127 1846 lt

120 1873 336 1936 incesseretur,
360 1866 466 1928 mulier
481 1887 539 1930 uua
555 1870 630 1930 ultra
647 1870 870 1930 bumanorum
863 1885 974 1928 irarum
996 1869 1085 1929 fidem

121 1953 262 2015 saevienti
276 1951 400 2012 turbae
391 1954 527 2021 inmixta,
543 1963 577 2013 ut
590 1971 751 2032 parumper
761 1955 942 2012 sustinerent
956 1962 1084 2030 precata,

122 2039 198 2099 llens
209 2038 248 2097 ait
260 2037 353 2097 vuum
365 2035 421 2095 sibi
436 2035 602 2116 liberosque
613 2047 714 2116 captos
725 2035 802 2116 apud
814 2036 914 2096 hostes
926 2053 1005 2096 esse:
1018 2053 1084 2114 spe·

122 2138 323 2200 rarecorpore
331 2121 415 2197 regio
425 2120 720 2199 utcumquemnlcato
728 2138 760 2179 se
771 2137 841 2180 suos
852 2117 1083 2198 redempturam.

122 2207 149 2266 is
158 2206 224 2266 finis
235 2203 405 2264 lacerationi
416 2203 485 2272 luit,
500 2203 705 2284 sepultumque
716 2202 890 2285 Consentiae
899 2203 979 2280 quod
991 2221 1083 2263 mem·
1095 2211 1127 2264 lu

122 2287 246 2349 brorum
261 2285 408 2366 reliquum
426 2288 480 2348 luit
494 2305 565 2348 cura
584 2285 718 2347 mulieris
732 2287 833 2354 unius,
854 2303 977 2364 ossaque
991 2286 1125 2346 bleta-17

126 2381 247 2438 contum
262 2371 299 2430 ad
316 2371 417 2432 bostes
430 2373 570 2442 remissa,
584 2371 654 2432 inde
671 2371 792 2449 Epirum
811 2368 932 2429 devecta
947 2368 984 2430 ad
1000 2367 1084 2430 Cleo·

124 2465 238 2535 petram
256 2472 378 2516 uxorem
397 2473 590 2535 sororemque
608 2452 830 2535 Olympiadem,
844 2470 969 2531 quarum
991 2460 1085 2514 mater

123 2539 223 2616 magni
243 2537 400 2600 Alexandri
418 2539 524 2611 altera,
546 2557 632 2600 soror
653 2538 744 2601 altera
766 2537 829 2598 luit
862 2536 936 2596 haee
956 2536 993 2595 de
1014 2536 1126 2596 dle-18

123 2622 229 2688 sandri
249 2623 399 2702 Epirensis
418 2624 495 2685 tristi
515 2631 637 2693 eventu,
660 2639 836 2702 quamquam
851 2619 984 2681 Romano
1005 2619 1083 2681 bello

121 2709 240 2769 fortuna
256 2723 324 2767 eum
341 2706 495 2776 abstinuit,
518 2713 633 2776 tamem
656 2707 723 2786 quia
741 2702 871 2766 initalia
891 2703 969 2766 bella
983 2705 1082 2784 gessit,

120 2792 224 2872 paucis
237 2790 345 2850 dixisse
363 2791 433 2850 satis
447 2792 493 2851 sit.

183 2871 270 2934 XXV.
292 2873 403 2934 Eodem
419 2891 498 2936 anno
521 2872 733 2935 lectisternium
748 2872 873 2942 Romae,
897 2827 999 2950 quinto
1016 2880 1108 2949 posti

122 2955 271 3018 conditam
281 2956 401 3025 urbem,
417 2957 511 3018 isdem
522 2956 630 3037 quibus
644 2961 712 3018 aute
728 2956 878 3034 placandis
892 2955 1026 3016 habitum
1039 2964 1083 3016 est

124 3040 196 3100 deis.
227 3041 295 3099 nori
309 3039 416 3101 deindo
430 3039 589 3102 consules
580 3057 661 3101 iussu
675 3039 859 3120 populicum
873 3039 1022 3100 misbsent
1034 3040 1112 3118 quia

122 3121 295 3188 indicerent,
310 3123 489 3185 Samnitibus
510 3122 635 3191 bellum,
657 3124 712 3201 ipsi
730 3126 843 3184 maiore
865 3130 973 3182 conatu
995 3140 1082 3200 quam

122 3206 263 3269 adversus
280 3205 409 3267 Graecos
423 3217 528 3268 mnata
543 3206 695 3287 parabant
729 3215 759 3267 ot
773 3206 828 3267 alia
843 3223 917 3265 nova
931 3203 1005 3264 nihii
1021 3215 1082 3266 tum

121 3292 224 3353 animo
239 3288 297 3352 talc
314 3289 490 3368 agitantibus
510 3299 709 3352 accesserunt
714 3288 835 3350 auxilia:
860 3289 977 3348 Lucani
993 3295 1109 3367 atquet

121 3373 222 3454 lpuli,
247 3372 354 3454 qubus
374 3374 510 3452 gentibus
530 3373 604 3435 nihil
624 3373 662 3434 ad
685 3391 750 3435 eam
767 3372 845 3436 diem
862 3389 938 3432 cum
946 3369 1082 3433 Romano

120 3457 355 3540 poprdoluerat,
375 3458 673 3528 inddemvenerunt,
685 3453 1082 3536 armarirosqueadbellum
