2542 3956
330 247 424 291 uranu
440 247 530 290 xxur.
547 246 617 290 oar.
632 235 677 289 42.
693 234 737 290 48.
754 225 794 310 [a.
813 230 847 292 (i.
862 228 924 312 215]
1044 233 1107 300 363

152 398 296 478 praetoris
307 395 394 457 unlus
406 401 435 454 et
445 394 527 472 parvi
538 392 575 455 ad
586 393 835 456 tuendamllolam
846 396 986 475 praesidii
996 395 1106 476 praeda

149 499 268 551 sumum
284 482 342 540 iam
357 495 395 538 ne
411 475 614 557 manipulatim
629 477 764 559 quidem,
784 477 837 539 sed
852 478 1000 542 latronum
1014 479 1104 542 modo

150 569 328 646 percursant
345 563 412 624 totis
427 560 534 624 linibus
546 563 656 625 normis
676 561 893 642 neglegentius,
914 581 1001 643 quam
1025 566 1050 625 si
1074 565 1106 626 lu

151 651 284 710 iiomano
303 653 480 726 vagarentur
501 663 581 726 agro.
617 655 822 708 nauseantem
847 647 921 709 haec
946 655 1003 718 est,
1025 648 1146 727 quodn

152 749 249 814 neque
263 738 293 793 tu
309 729 443 792 delendis
454 737 483 791 et
498 737 597 792 nostra
611 731 760 801 iuventus,
779 749 866 811 quae,
884 731 910 792 sl
924 729 1004 793 domi
1019 739 1105 802 esset,

150 822 311 886 tutaretur,
326 815 420 875 omnis
435 813 489 876 sub
500 816 592 893 sigula
606 813 711 876 militat
723 817 790 876 tuls.
829 833 884 876 nec
906 821 935 876 le
950 832 1006 877 nec
1021 822 1149 876 exer-12

152 901 242 960 citum
259 905 341 961 tuum
357 899 468 970 norim,
492 899 563 971 nisi,
586 918 603 961 a
623 917 681 979 quo
703 905 747 960 toi
769 902 846 961 acies
865 899 1013 962 Romanas
1028 898 1107 960 iuras

129 1023 131 1027 -
151 991 315 1064 stratasque
330 1000 394 1044 esse
410 984 517 1055 sciam,
537 985 564 1044 ei
579 983 664 1045 iacile
680 1001 744 1044 esse
757 984 853 1046 dicam
870 985 1039 1064 opprimere
1054 1001 1106 1062 po·

151 1065 302 1147 pulaiores
317 1075 433 1130 nostros
447 1085 536 1146 vagos
552 1069 725 1145 sine-signis
739 1069 864 1148 palatos,
886 1087 945 1150 quo
960 1084 1106 1148 quemque

150 1151 241 1213 trahil
255 1153 386 1232 quamvls
400 1169 472 1214 vana
488 1149 615 1230 praedae
631 1168 707 1230 spes.
732 1152 924 1216 Numidarum
942 1169 1103 1232 paucorum
1118 1157 1149 1209 ia

149 1233 193 1297 illi
215 1235 333 1315 quidem
354 1234 465 1315 praeda
482 1243 583 1306 erunt,
605 1233 843 1316 praesidiumque
863 1235 951 1298 simul
969 1235 1054 1300 nobis
1077 1245 1107 1298 et

150 1317 242 1382 Nolae
260 1318 421 1387 ademeris,
446 1317 587 1389 simodo,
609 1335 684 1398 quos
698 1325 732 1380 ut
746 1321 841 1380 socios
856 1319 982 1381 haberes
1002 1320 1107 1399 dignos
1158 1363 1164 1368 -

151 1401 273 1474 duxlsii,
301 1400 379 1464 haud
398 1401 536 1481 indignos
557 1401 684 1473 iudicas,
710 1421 783 1483 quos
807 1404 839 1464 in
859 1404 947 1464 iidem
972 1411 1107 1484 receptos

150 1487 292 1548 tuearis.“
319 1503 322 1508 ·

213 1569 312 1632 XLlll.
343 1568 388 1630 ln
402 1588 435 1631 ea
450 1568 596 1632 Hannibal
610 1570 776 1651 respondit,
796 1571 893 1632 omnia
908 1569 995 1632 simul
1010 1569 1133 1630 iacarel

141 1655 291 1736 ‘Hirpinos
313 1653 532 1734 Sanmitesqucr
555 1663 583 1716 ei
602 1654 733 1716 indicare
754 1655 852 1716 clades
872 1672 940 1716 suas
960 1663 990 1716 ei
1005 1660 1108 1734 peiere

151 1737 329 1818 praesidium
349 1745 378 1800 el
394 1741 479 1820 queri
495 1738 664 1801 indefensos
680 1757 711 1800 se
726 1737 943 1820 neglectorque.
975 1737 1136 1800 indicam-2

153 1825 221 1884 dum
243 1831 340 1884 autem
359 1825 486 1901 primum
505 1823 611 1894 luisse,
639 1823 707 1884 dein
734 1822 894 1904 petendum
919 1822 1107 1904 praesidium,

151 1914 315 1986 postremo,
331 1906 361 1966 ni
374 1907 585 1986 inpetraretur,
609 1914 670 1968 tum
692 1906 818 1986 denique
840 1906 1024 1986 querendum
1044 1905 1107 1967 fru-

152 1998 212 2052 stra
227 2009 313 2070 opem
330 1991 515 2069 inploraiam.
542 1992 703 2052 exercitum
718 2007 783 2052 sese
799 2007 858 2050 non
873 1991 903 2049 in
921 2007 1023 2068 agrum
1039 1988 1135 2049 Hir-³

151 2077 253 2156 pinum
266 2075 475 2145 Samnitemve,
491 2093 528 2136 ne
543 2075 644 2153 etipse
659 2075 742 2136 oneri
753 2080 843 2144 esset,
860 2073 912 2134 sed
928 2073 959 2133 iu
973 2073 1108 2152 proxima

151 2158 216 2220 loca
231 2160 378 2220 sociorum
393 2157 493 2238 populi
507 2159 632 2219 Romani
647 2158 850 2220 adducturum.
881 2157 917 2217 iis
932 2154 1108 2236 populandis

153 2249 182 2302 et
197 2241 319 2302 militem
335 2259 419 2302 suum
436 2241 617 2320 repleturum
633 2260 665 2303 se
681 2249 710 2303 et
721 2249 800 2303 metu
816 2240 919 2321 procul
936 2240 972 2303 ab
987 2241 1023 2300 iis
1037 2238 1106 2299 sub·

144 2333 301 2386 moturum
316 2324 416 2386 bostis.
451 2326 529 2404 quod
547 2325 583 2388 ad
601 2323 711 2387 bellum
727 2327 892 2387 Romanum
912 2322 1066 2393 adtineret,
1082 2322 1136 2383 sii

152 2409 350 2470 Trasumenni
371 2427 458 2488 quam
483 2408 622 2480 Trebiae,
651 2411 675 2471 si
697 2409 863 2472 (ianuarum
885 2427 972 2488 qnam
997 2407 1106 2468 Trasu-

152 2493 254 2554 menni
268 2509 365 2572 puqna
383 2491 510 2553 nobilior
525 2501 616 2564 esset,
634 2494 800 2556 Cannarum
816 2511 848 2554 se
863 2509 979 2572 quoque
993 2509 1105 2552 memo·

151 2577 227 2637 riam
241 2575 396 2638 obscuram
411 2578 523 2639 maiore
538 2583 567 2638 et
579 2576 704 2639 clariore
721 2578 840 2638 victoria
857 2577 1013 2638 iacturum.
1039 2582 1134 2636 cumi>

153 2659 210 2722 boo
229 2677 372 2742 responso
394 2661 623 2740 muneribusque
646 2661 750 2740 amplis
764 2661 874 2740 legatos
897 2660 1018 2728 dimisit:
1043 2659 1106 2738 ipse

151 2744 299 2824 praesidio
313 2743 429 2806 modico
445 2743 549 2807 relicto
568 2747 598 2805 in
616 2745 720 2808 'l'ilaiis
737 2745 886 2824 proiectus
907 2751 1005 2805 celero
1023 2761 1106 2804 exer·

153 2831 212 2891 eliu
223 2830 271 2890 ire
286 2828 389 2892 Nolam
405 2830 511 2909 pergit.
542 2828 645 2890 eodem
660 2828 765 2890 llanno
779 2847 815 2890 ex
830 2829 940 2890 Bruttis
956 2847 1022 2891 curn
1038 2831 1136 2908 sup-q

151 2913 484 2992 plementoCarthagine
496 2912 982 2994 advectoaiquaeloplrantisvenil.
1003 2914 1106 2976 castris

152 2995 229 3055 lraud
247 2997 350 3074 procul
368 3000 470 3076 positis
488 2997 575 3078 longa
598 2997 652 3058 alia
669 2998 765 3059 omnia
785 2999 947 3078 inquirenti
965 3003 1105 3075 conperta

152 3083 234 3148 suni,
251 3096 338 3156 quam
355 3097 429 3157 quae
446 3100 462 3141 a
477 3081 579 3158 legalis
593 3081 741 3140 sociorum
756 3082 897 3140 audierat.
940 3079 1011 3139 nibil
1028 3080 1133 3138 enimi

152 3159 307 3222 Marcellus
317 3162 357 3222 iia
370 3171 483 3240 egerat,
497 3171 530 3223 ui
541 3171 590 3224 aui
603 3164 739 3224 iortunac
751 3170 800 3224 eut
812 3171 922 3223 temere
937 3162 1014 3224 hosti
1025 3179 1105 3223 com·

152 3245 273 3305 missum
297 3244 354 3304 dici
374 3252 488 3326 posset:
514 3245 666 3325 explorato
694 3265 761 3308 cum
776 3247 926 3326 ilrmisque
951 3244 1106 3325 praesidiIs

154 3329 216 3389 tulo
236 3335 359 3407 receptu
379 3329 552 3408 praedatum
571 3331 660 3401 ierat,
684 3332 839 3409 omniaque
860 3327 940 3389 velut
968 3329 1106 3390 adversus

153 3419 339 3491 praesentem
363 3413 554 3474 Hannibalem
578 3420 661 3476 cauta
681 3415 855 3492 provisaque
875 3411 1001 3471 luserant.
1036 3411 1135 3475 ium‚8

152 3494 204 3557 ubi
217 3498 309 3556 sensit
323 3497 437 3558 bostem
453 3497 623 3568 adventare,
649 3499 748 3577 copias
768 3499 846 3555 inira
860 3494 977 3552 moenia
996 3492 1104 3556 lenuit;
