2538 3946
325 217 419 260 33333
432 216 496 260 m.
516 215 584 259 eae.
605 195 760 278 333313.
778 195 889 280 (1.218]
1025 200 1088 264 231

196 362 342 426 Hannibal
362 362 398 423 ab
421 362 561 424 Druentia
587 365 746 442 campestri
771 365 897 424 maxime
925 361 1119 424 1113333333

134 447 214 528 Alpis
228 465 297 510 oum
312 447 392 508 bona
413 464 485 524 pace
503 445 695 508 incolentium
716 465 751 508 ea
771 445 836 506 1333
851 447 1000 508 Gallorum
1019 464 1088 525 per-

133 533 222 592 venit.
253 538 331 601 tum,
349 547 524 610 quamquam
538 530 617 591 iama
630 533 728 609 prius,
747 549 804 610 qua
820 531 932 592 incerta
946 532 977 590 in
994 531 1113 590 maiust

133 615 198 676 iere
220 613 294 674 ierri
308 613 417 682 solent,
433 621 590 692 praecepta
609 621 750 684 reserat,
767 620 865 674 133333
877 631 912 673 ex
923 614 1089 692 propinquo

133 700 194 758 visa
205 698 351 759 montium
364 694 485 757 altitudo
498 698 638 775 niuesque
649 695 730 758 caelo
741 713 836 776 prope
846 697 995 766 inmixtae,
1012 703 1090 756 tecta

133 781 271 842 informia
285 781 411 860 inposita
425 779 562 858 rupibus,
584 797 692 858 333333
705 781 894 858 iumentaque
910 779 1022 840 torrida
1036 777 1089 838 iri·

135 881 221 940 gere,
250 863 386 924 homines
410 864 521 924 intonsi
544 871 574 924 31
599 863 716 932 1333111,
741 861 878 924 animalia
902 863 1089 940 inanimaque

134 949 232 1006 omnia
246 947 371 1024 rigentia
385 945 467 1024 gelu,
486 953 585 1006 331333
599 947 661 1006 uisu
672 964 759 1026 quam
775 944 856 1006 dictu
870 943 1011 1015 foediora,
1028 953 1089 1004 ter-

134 1046 234 1090 rorem
256 1037 445 1091 renovarunt.
478 1029 665 1112 erigentibus
686 1031 716 1090 in
735 1029 847 1108 primns
870 1046 976 1106 agmen
998 1027 1116 1090 3113333

133 1121 332 1192 apparuerunt
349 1114 528 1173 inminentes
544 1112 671 1173 tumulos
684 1112 846 1172 insidentes
860 1113 1007 1181 montani,
1028 1113 1087 1190 qui,

132 1197 158 1255 si
173 1195 262 1258 valles
273 1196 448 1257 occultiores
462 1195 651 1265 insedissent,
668 1195 761 1274 coorti
774 1195 812 1256 ad
826 1213 953 1276 pugnam
966 1201 1089 1274 repente

131 1279 284 1356 ingentem
305 1280 403 1356 lugam
424 1288 612 1358 stragemque
634 1278 792 1340 dedissent.
828 1277 974 1339 Hannibal
991 1279 1117 1338 consi-9

133 1369 212 1422 31333
233 1364 318 1439 signa
337 1362 436 1432 iussim
463 1359 610 1440 Gallisque
630 1361 667 1423 ad
693 1362 813 1422 visenda
831 1359 896 1422 1333
920 1362 1089 1440 praemissis

135 1447 288 1522 postquam
312 1447 446 1524 conperit
465 1447 621 1506 transitum
643 1463 677 1507 ea
702 1462 861 1514 3333333,
889 1452 984 1504 333133
1011 1445 1088 1504 13133

134 1525 306 1606 confragosa
321 1530 420 1589 omnia
432 1537 648 1608 praeruptaque
664 1545 751 1607 quam
773 1529 971 1589 extentissima
992 1535 1090 1606 potest

133 1609 207 1672 ualle
219 1610 304 1672 locat.
342 1619 404 1673 tum
426 1630 482 1690 per
501 1612 620 1673 33331333
636 1611 748 1680 Gallos,
771 1610 850 1672 haud
873 1629 944 1689 3333
964 1609 1088 1672 multum
1098 1616 1131 1668 10

131 1689 234 1772 lingua
243 1693 433 1774 moribusque
444 1686 646 1766 abhorrentis,
665 1713 733 1757 curn
747 1713 778 1755 se
790 1697 1008 1756 inmiscuissent
1018 1712 1089 1756 con·

132 1775 240 1856 loquiis
260 1787 483 1848 montanorum,
509 1778 645 1850 edoctus,
670 1778 801 1840 interdiu
820 1787 934 1840 tantum
960 1777 1090 1840 obsideri

133 1858 253 1930 3311333,
276 1863 415 1922 3331313
435 1880 488 1922 sua
508 1880 655 1942 quemque
677 1861 767 1922 dilabi
790 1869 880 1933 tecta,
908 1861 975 1921 luce
993 1863 1090 1940 prima

133 1943 224 2004 subiit
239 1943 428 2020 tumulos‚,ut
442 1963 478 2006 ex
493 1952 596 2024 aperto
610 1943 842 2024 atqueinterdiu
855 1947 913 2004 uim
928 1961 983 2023 per
998 1961 1090 2020 augu-

133 2029 203 2089 stias
226 2027 367 2089 facturus.
398 2023 446 2089 die
468 2027 574 2107 deinde
593 2027 757 2088 simulando
780 2026 871 2097 aliud,
900 2044 988 2104 quam
1010 2024 1130 2103 quodll

132 2109 305 2191 parabatur,
322 2117 513 2188 consumpto,
529 2129 597 2170 cum
608 2109 722 2179 eodem,
737 2127 796 2187 quc
808 2111 1000 2171 constiterant
1013 2107 1089 2184 loco,

135 2199 229 2252 castra
242 2195 486 2262 communissent,
502 2192 554 2252 ubi
566 2193 695 2270 primum
709 2192 855 2269 digressos
869 2189 988 2253 tumulis
1001 2209 1085 2252 mou·
1099 2199 1132 2249 11

133 2283 219 2336 13333
232 2272 400 2354 laxatasque
421 2277 513 2337 sensit
533 2275 693 2346 custodias,
715 2274 850 2354 pluribus
869 2273 987 2353 ignibus
1002 2293 1091 2353 quam

134 2375 190 2436 pro
209 2375 333 2417 numero
348 2360 529 2419 manentium
543 2361 574 2419 iu
584 2359 714 2436 speciem
724 2358 809 2418 iactis
824 2358 1090 2437 inpedimentisque

134 2459 202 2501 cum
220 2443 316 2520 equite
338 2441 449 2502 relictis
471 2449 499 2502 et
521 2459 658 2508 maxuma
679 2448 763 2520 33313
784 2441 1132 2520 33311331333333313

135 2522 293 2603 expeditis,
312 2526 456 2586 acerrimo
472 2543 588 2606 quoque
607 2525 684 2595 viro,
708 2527 815 2604 raptim
829 2526 977 2604 angustias
995 2524 1091 2585 evadit

134 2609 229 2687 iisque
243 2609 313 2686 ipsis
325 2607 459 2679 tumulis,
476 2627 548 2688 quos
562 2609 662 2670 hostes
678 2615 847 2680 tenuerant,
864 2607 1004 2670 consedit.

198 2687 327 2752 XXXIII.
358 2692 458 2753 Prima
467 2692 580 2754 deinde
593 2691 659 2753 luce
672 2700 768 2752 castra
783 2701 861 2754 mota
878 2700 907 2753 et
921 2709 1027 2770 agmen
1043 2701 1116 2752 333-1

134 2774 380 2837 113333133331333
395 2779 501 2855 coepit.
533 2779 593 2836 iam
608 2777 740 2837 montani
752 2779 836 2854 signo
854 2776 920 2838 31313
937 2795 973 2836 ex
988 2775 1119 2836 castel-2

134 2857 170 2918 lis
186 2858 223 2918 ad
238 2861 393 2921 stationem
412 2860 526 2922 solitam
547 2860 773 2931 conveniebant,
798 2878 864 2921 cum
880 2868 1091 2938 3333313333-

135 2943 263 3019 33131331
283 2943 355 3004 alios
374 2962 442 3005 arce
466 2951 606 3025 occupata
627 2962 679 3005 sua
699 2962 789 3024 super
806 2951 893 3023 eaput
911 2945 1089 3012 inminentis,

135 3023 208 3084 alios
223 3026 268 3085 via
282 3030 408 3088 transire
421 3028 522 3090 hostis.
555 3037 680 3107 utraque
694 3027 780 3088 simul
800 3027 913 3087 obiecta
928 3043 976 3085 333
998 3025 1118 3085 3331133

137 3107 300 3185 animisque
312 3109 468 3171 inmobiles
481 3128 641 3190 parumper
655 3129 705 3171 eos
722 3111 835 3176 delirum
859 3107 965 3168 deinde
986 3115 1019 3167 ut
1031 3115 1090 3168 tre-

136 3189 317 3270 pidationem
342 3194 374 3250 in
401 3195 542 3270 augustiis
564 3211 675 3270 suoque
702 3193 798 3269 ipsum
822 3189 948 3251 tumultu
972 3191 1098 3262 misceri·

137 3291 245 3352 agmen
265 3274 379 3345 videre,
407 3277 489 3355 equis
504 3277 630 3336 maxime
647 3276 854 3344 consternatis,
877 3272 1018 3353 quidquid
1041 3271 1120 3332 331-3

135 3357 276 3419 iecissent
300 3359 356 3437 ipsi
381 3361 505 3420 terroris
532 3360 601 3418 satis
621 3356 657 3418 ed
676 3358 837 3436 perniciem
865 3357 929 3417 sore
950 3358 1019 3428 3311,
1048 3356 1091 3416 di·

137 3443 228 3502 rersis
243 3442 365 3522 rupibus
380 3444 463 3542 iuxta
473 3442 551 3504 invia
570 3459 604 3501 ac
619 3440 700 3502 devia
718 3441 831 3502 adsueti
846 3441 1014 3502 decurrunt.
1031 3446 1121 3502 turne

364 3533 382 3570 3
394 3535 404 3561 a
416 3533 420 3548 ¹
446 3529 479 3554 *⁶
