2538 3946
212 211 276 274 1⁷4
401 200 974 285 ntum.can.2t²5.[e.u.c.⁴59]

170 371 290 434 ucoca
308 369 419 432 tetum
438 369 595 432 Etruscum
616 371 680 448 geri
711 377 794 430 recte
812 371 915 450 possit
957 369 1067 432 Fabius
1094 372 1172 437 nih!

211 454 290 517 aliud
303 466 440 536 precatus
453 454 595 535 populum
612 455 792 522 Romanum,
808 473 897 534 quarn
915 460 962 524 ut,
983 457 1171 537 priusquam

209 539 290 601 iutro
309 547 485 600 vocarentur
503 538 542 599 ad
555 539 726 615 suffragium
741 537 852 608 tribus,
876 538 932 617 Ap.
949 537 1063 600 Claudii
1080 559 1171 618 prae·

211 625 285 684 toria
304 623 416 684 adlatas
436 641 473 684 ex
493 623 612 683 Etruria
632 622 746 682 litteras
765 621 917 691 audirent,
938 624 1059 683 comitio
1078 623 1167 686 abiit:

209 724 267 768 uec
280 709 396 768 minore
407 704 509 786 populi
525 721 671 766 consensu
681 723 769 784 quam
783 713 902 766 schama
914 708 1065 785 provincia
1078 707 1169 768 Etru·

209 791 255 852 ria
269 801 352 852 extra
365 799 477 850 sortem
495 789 586 850 Fabio
601 789 720 850 decreta
734 797 788 849 est

180 880 195 932 1
270 874 358 936 XXV.
400 875 567 936 eonmrms
587 872 657 932 inde
680 872 717 932 ad
739 871 891 933 consulem
917 871 1012 932 henna
1034 875 1168 940 omniun

208 957 303 1020 imme
318 959 481 1027 iuniorum,
505 963 535 1016 et
549 974 606 1035 pro
619 975 653 1017 se
671 958 795 1035 quisque
809 958 930 1016 nomina
943 956 1066 1018 dabant:
1085 965 1170 1021 unta

179 1041 315 1120 eceptio
332 1049 397 1100 erat
411 1039 466 1100 suh
483 1057 519 1100 eo
534 1039 609 1100 duce
625 1040 771 1119 stipendia
790 1039 927 1100 faciendi
964 1059 1022 1120 qna
1038 1042 1168 1102 circum·

207 1123 291 1184 iosus
307 1123 409 1184 turha:
425 1131 590 1202 „quattuor
605 1125 712 1184 milia“
725 1125 821 1203 inquit
835 1169 853 1192 „
861 1123 993 1202 peditum
1007 1133 1037 1184 et
1047 1143 1168 1185 sescen-

206 1213 254 1268 tos
271 1210 384 1287 equites
404 1207 555 1268 dumtaxat
568 1207 700 1268 scrihere
719 1209 751 1266 iu
774 1209 874 1266 animo
895 1214 954 1276 est:
975 1207 1121 1269 hodierno
1136 1217 1169 1270 et

180 1293 336 1352 ncrastiim
352 1291 400 1352 die
415 1293 466 1370 qni
482 1291 601 1351 nomIna
618 1290 760 1350 dederitis
780 1308 898 1351 mecum
914 1290 1029 1353 ducam.
1058 1294 1167 1353 maiori

207 1375 280 1436 mihi
302 1393 390 1436 curae
411 1381 470 1444 est,
492 1383 526 1434 ut
545 1393 649 1435 omnes
670 1373 832 1453 locupletes
852 1373 1008 1445 reducam,
1028 1393 1117 1454 quam
1133 1383 1168 1437 ut
1254 1397 1255 1450 3

179 1458 307 1520 tmultis
322 1477 385 1519 rem
402 1477 504 1537 geram
520 1457 691 1518 militibus.“
729 1458 881 1537 proiectus
903 1466 972 1536 apto
987 1459 1119 1520 exercitu
1135 1468 1168 1520 et

205 1560 240 1603 eo
255 1541 322 1621 plus
336 1542 459 1624 fiduciae
470 1559 505 1602 ac
521 1544 584 1620 spei
595 1549 733 1620 gerente,
745 1541 823 1620 qnod
838 1558 899 1600 nou
910 1540 1074 1602 desiderata
1088 1543 1165 1604 mul·

204 1627 300 1686 titndo
316 1634 393 1694 erat,
412 1625 448 1684 ad
463 1624 604 1704 oppidum
618 1627 783 1693 Aharnam,
804 1623 884 1684 unde
897 1624 976 1685 haud
990 1624 1095 1703 procul
1110 1626 1165 1686 ho·

178 1713 266 1768 astes
282 1717 382 1778 erant,
398 1707 435 1768 ad
452 1717 547 1768 eastra
562 1710 647 1786 Appii
662 1709 808 1786 praetoris
827 1709 934 1786 pergit
966 1711 1068 1787 paucis
1089 1711 1165 1770 citra

204 1790 324 1851 milibus
338 1791 498 1870 lignatores
518 1793 546 1850 ei
560 1809 628 1850 cum
643 1791 789 1869 pracsidio
805 1799 980 1860 occurrunt;
999 1795 1050 1871 qui
1062 1801 1096 1853 ut
1109 1794 1164 1854 lic·

203 1881 284 1936 tores
298 1875 455 1956 praegredi
469 1874 618 1944 viderunt,
635 1875 816 1954 Fabiumque
831 1892 896 1936 esse
911 1875 1063 1936 consulem
1078 1895 1164 1937 acce-

203 1975 290 2039 pere,
311 1957 381 2018 laeti
405 1967 492 2038 atque
514 1957 626 2019 alacres
647 1958 702 2018 diis
726 1958 895 2038 populoque
914 1959 1048 2020 Romano
1063 1968 1163 2037 grates
1255 2025 1256 2040 ἶ

174 2045 307 2120 degunt,
324 2041 402 2121 quod
421 2060 487 2102 eum
504 2042 560 2102 sibi
574 2043 784 2121 imperatorem
800 2043 958 2102 misissent.
990 2044 1163 2105 circumfusi

203 2123 310 2186 deiude
325 2143 392 2185 cum
407 2125 556 2186 consulem
572 2125 746 2196 salutarent,
763 2127 878 2204 quaerit
888 2125 1004 2195 Fabius,
1021 2145 1080 2205 qno
1093 2145 1163 2207 per·

181 2225 185 2234 ’
202 2215 316 2286 gerent,
328 2208 643 2288 respondentibusque,
656 2210 837 2287 lignatumse
848 2211 907 2269 ire:
922 2212 991 2279 „ain
1000 2210 1164 2270 tandemi“

173 2291 297 2372 linquit
327 2310 424 2363 „num
446 2301 541 2353 castra
561 2293 664 2353 vallata
692 2311 751 2352 nou
771 2292 930 2354 hahetisi“
959 2293 996 2352 ad
1016 2293 1161 2355 boccum

201 2373 415 2438 subclamatum
431 2385 508 2438 esset
518 2376 627 2456 duplici
640 2377 758 2456 quidem
773 2375 848 2436 vallo
864 2383 894 2436 et
904 2376 996 2446 iossa,
1015 2385 1046 2438 et
1062 2385 1161 2438 tauien

199 2457 232 2520 in
252 2459 365 2538 ingenti
386 2469 467 2520 metu
489 2478 569 2520 esse:
594 2461 734 2532 „habeis
755 2461 872 2538 igitur“
893 2461 990 2540 inquit
1012 2507 1029 2530 „
1038 2461 1160 2522 adfatim

171 2539 364 2620 sttgnorum,
380 2544 475 2603 redite
486 2551 516 2603 et
526 2542 624 2603 vellite
636 2543 775 2603 vallum.“
795 2543 922 2604 redeunt
935 2547 966 2603 iu
977 2553 1083 2613 castra,
1100 2554 1159 2605 ter·

200 2643 359 2705 roremque
374 2625 416 2686 ibi
433 2624 573 2686 vellentes
590 2626 696 2686 vallum
712 2635 743 2686 et
757 2628 793 2686 iis
811 2628 906 2706 quiin
921 2629 1025 2688 castris
1040 2646 1159 2689 reman-

174 2711 302 2770 tserant
314 2708 454 2770 militibus
465 2717 494 2769 et
506 2711 562 2789 ipsi
572 2711 666 2790 Appio
679 2710 821 2770 iecerunt.
848 2717 910 2770 tum
922 2730 978 2790 pro
991 2729 1023 2771 se
1034 2713 1159 2792 quisque

200 2789 250 2852 alii
265 2791 329 2851 aliis
344 2792 444 2852 dicere
461 2793 589 2854 consulis
610 2813 643 2853 se
659 2794 693 2864 Q.
710 2794 793 2854 Fabii
808 2794 905 2854 iacere
920 2797 1010 2856 iussu.
1039 2804 1159 2874 postero

197 2872 269 2933 inde
283 2873 331 2932 die
346 2882 441 2934 castra
458 2883 551 2946 mota,
568 2884 598 2935 et
611 2879 722 2954 Appius
737 2885 857 2954 praetor
871 2877 994 2938 Romam
1011 2879 1157 2941 dimissus.

157 2956 270 3017 toinde
285 2973 428 3036 nusquam
446 2960 548 3019 stativa
570 2960 710 3021 Romanis
733 2959 825 3020 inere.
856 2960 982 3038 negabat
1001 2962 1073 3022 utile
1093 2980 1160 3023 esse

198 3058 259 3102 uuo
273 3039 339 3101 loco
356 3041 460 3102 sedere
476 3044 653 3110 exercitum:
669 3043 826 3105 itineribus
848 3062 882 3105 ac
899 3049 1060 3106 mutatione
1077 3046 1157 3106 loco·

198 3141 266 3186 rum
283 3123 469 3187 mobiliorem
491 3143 526 3186 ac
549 3127 744 3187 salubriorem
766 3145 839 3190 esse.
875 3128 984 3189 flebant
999 3138 1096 3190 autem
1109 3131 1159 3190 iti·

156 3212 185 3264 tt
199 3225 280 3279 nera,
299 3217 405 3288 quanta
427 3211 491 3270 ieri
512 3211 626 3272 sinebat
642 3212 756 3291 hiemps
771 3211 920 3272 hauddum
938 3222 1048 3274 exacta.
1086 3231 1156 3275 vere

196 3291 267 3353 inde
283 3295 380 3373 primo
394 3294 496 3354 relicta
513 3293 643 3356 secunda
659 3295 774 3374 legione
796 3296 832 3356 ad
849 3295 990 3366 Clusium,
1007 3297 1085 3376 quod
1102 3297 1155 3358 Ca·

196 3391 277 3436 mars
294 3377 362 3437 olim
379 3377 579 3456 appellabant,
599 3381 827 3458 praepositoque
847 3383 950 3441 castris
966 3381 998 3441 L.
1017 3381 1156 3459 Scipione

196 3469 409 3538 propraetore,
420 3461 544 3524 hemam
555 3464 619 3542 ipse
631 3463 667 3522 ad
679 3462 903 3524 consultandum
914 3463 952 3524 de
965 3462 1043 3523 bebo
1055 3463 1160 3542 redilt,
