2546 3936
203 203 266 267 142
392 192 973 277 manmit-Manem]

200 364 341 427 bentibus
359 367 520 444 Anagninis
546 367 579 425 in
606 368 700 434 circo,
729 383 817 445 quem
841 365 1021 426 llaritimmn
1045 373 1164 437 vocant,
1253 427 1254 456 ,

200 459 320 530 praeter
328 449 520 512 Aletrinatem
535 450 812 528 Ferentinatemque
827 456 858 510 et
867 447 1046 509 Verulanum
1057 468 1164 512 omncs
1253 459 1254 496 3

199 533 320 594 Hernici
334 536 463 595 nominis
477 533 580 611 populi
592 535 726 593 Romano
739 533 851 593 bellum
870 533 1049 593 indixerunt.

173 624 188 676 1
262 619 361 680 XLlll
393 618 428 678 ln
444 618 565 678 Samnio
584 634 718 696 qunque,
741 619 810 696 quia
832 616 999 677 decesserat
1016 615 1087 677 inde
1102 617 1160 679 sa-

199 701 281 773 nius,
306 705 374 763 novi
397 710 495 761 motus
517 703 621 760 exorti
667 699 777 761 Calatia
802 709 833 762 et
854 701 929 761 Sora
954 701 1163 782 praesidiaque

199 788 327 866 quaein
347 787 394 846 his
410 786 542 845 Romana
562 791 649 844 erant
668 793 849 862 expugnata,
871 791 903 845 et
923 787 956 846 in
977 787 1162 863 captivorum
1254 807 1255 810 ¹

199 888 325 951 corpora
339 870 465 930 militum
485 867 572 927 foede
592 869 743 928 saevitum.
778 870 877 948 itaque
899 886 936 928 eo
955 867 988 929 P.
1004 868 1161 930 Cornelius

172 961 265 1015 tcum
286 955 419 1014 exercito
437 951 554 1012 missus.
593 951 705 1012 llarcio
728 954 797 1012 nori
817 952 918 1013 hostes
939 987 980 998 —-
998 951 1056 1012 iam
1078 956 1160 1014 enim

198 1038 360 1116 Anagninis
374 1035 568 1114 Hernicisque
579 1034 643 1096 aliis
656 1034 767 1096 belltrm
786 1037 898 1098 iussum
921 1043 986 1096 erat
997 1070 1041 1083 -·
1054 1035 1160 1097 decer·

171 1127 320 1181 suuntur.
349 1121 446 1199 primo
460 1119 501 1177 ita
518 1120 616 1179 omnia
632 1127 778 1199 oportuna
796 1119 861 1180 loca
877 1120 978 1180 hostes
993 1122 1073 1180 inter
1085 1138 1159 1181 con·
1255 1193 1256 1202 ἵ

198 1204 295 1265 sulum
311 1212 406 1265 castra
419 1205 656 1282 interceperunt,
676 1211 711 1263 ut
728 1203 891 1282 pervadere
908 1203 1064 1281 expeditus
1081 1221 1160 1264 nuo·
1255 1209 1256 1238 ³

172 1291 255 1349 ttius
268 1306 328 1347 non
343 1295 459 1367 posset,
474 1293 504 1346 et
517 1305 572 1365 per
586 1287 699 1366 aliquot
711 1286 775 1347 dies
791 1288 898 1348 incerti
910 1306 1013 1348 rerum
1024 1289 1158 1350 omnium

197 1375 391 1452 suspensique
407 1371 445 1431 de
458 1377 536 1430 statu
552 1369 672 1432 alterius
690 1379 817 1450 uterque
837 1369 942 1432 consul
959 1379 1076 1449 ageret,
1097 1371 1159 1432 llo·

196 1475 335 1536 mamque
352 1458 378 1515 is
391 1463 487 1514 metus
501 1462 649 1526 manaret,
665 1453 739 1514 adeo
749 1463 783 1514 ut
794 1471 898 1516 omnes
912 1456 1044 1515 luniores
1057 1473 1158 1516 sacra·

168 1544 297 1601 omento
312 1540 518 1618 adigerentur.
534 1548 622 1618 atque
635 1537 673 1597 ad
688 1537 784 1599 subita
806 1557 907 1599 rerum
924 1537 984 1599 duo
998 1539 1067 1598 iusti
1082 1541 1158 1600 scri·
1256 1576 1257 1600 3

196 1622 503 1683 berenturexercitus.
527 1631 660 1682 ceterum
675 1622 835 1682 Hernicum
846 1621 957 1682 bellum
971 1641 1158 1702 nequaquam
1256 1627 1257 1632 ’

168 1711 251 1786 opro
267 1707 417 1783 praesenti
431 1714 548 1764 terrore
562 1723 597 1765 ac
618 1712 732 1765 vetusta
751 1707 848 1783 gentis
868 1704 962 1784 gloria
985 1706 1050 1766 luit
1081 1706 1157 1766 nihil

196 1807 321 1868 usquam
337 1789 417 1847 dictu
432 1788 553 1864 dignum
564 1789 642 1857 ausi,
661 1789 747 1848 trinis
760 1791 863 1850 castris
877 1791 956 1850 intra
966 1807 1077 1868 paucos
1091 1789 1158 1851 dies

196 1875 287 1941 exuti,
304 1873 423 1949 triginta
438 1872 552 1932 dicrum
569 1872 706 1943 indutias,
723 1874 764 1934 ita
779 1880 813 1934 ut
827 1873 865 1934 ad
881 1884 1016 1933 senatum
1030 1873 1157 1936 Romam

195 1953 308 2035 legatos
323 1957 488 2030 mitterent,
502 1958 581 2036 pacti
595 1965 664 2017 sunt
677 1959 814 2018 semestri
829 1953 976 2037 stipendio
989 1957 1157 2018 frumento-

168 2047 253 2120 7que
267 2049 297 2100 et
313 2039 436 2117 singulis
451 2043 483 2103 in
497 2041 620 2102 militem
635 2042 753 2102 tunicis.
790 2040 827 2102 ab
842 2049 948 2102 senatu
961 2041 998 2100 ad
1011 2041 1156 2102 llaroium

194 2125 314 2193 reiecti,
333 2124 380 2183 cui
395 2136 515 2187 senatus
529 2123 663 2185 consulto
680 2125 858 2204 permissum
874 2125 911 2185 de
924 2124 1062 2185 Hernicis
1075 2131 1155 2194 eratr

194 2206 279 2286 isque
300 2225 365 2268 eam
387 2219 505 2282 gentem
527 2212 559 2269 in
577 2207 756 2268 deditionem
775 2210 898 2288 accepit.
934 2210 1019 2269 etin
1033 2209 1155 2269 Samnio

165 2289 269 2351 salter
284 2289 386 2351 consul
403 2296 538 2374 superior
551 2292 678 2363 viribus,
693 2290 767 2353 locis
781 2291 940 2372 inpeditior
956 2299 1029 2353 erat
1054 2294 1155 2354 omnia

191 2373 298 2434 itinera
319 2373 530 2455 obsaepserant
556 2375 657 2436 hostes
686 2373 836 2455 saltusque
863 2376 981 2455 pervios
1002 2383 1154 2455 ceperant,

192 2475 231 2518 ne
246 2477 303 2538 qua
318 2457 440 2520 subvehi
461 2468 643 2522 commeatus
663 2469 914 2538 possentneqne
934 2477 1001 2530 eos,
1019 2478 1087 2519 cum
1103 2479 1154 2521 co·

192 2543 265 2603 tldle
282 2544 365 2620 signa
379 2546 410 2603 in
422 2546 515 2607 aciem
527 2542 629 2604 consul
643 2542 808 2620 proferret,
823 2541 931 2603 elicere
945 2543 983 2603 ad
1001 2553 1154 2604 certamen

166 2629 324 2706 tpoterat,
351 2629 479 2707 satisque
505 2626 666 2706 apparebat
690 2643 787 2708 neque
808 2627 969 2688 Samnitem
1001 2636 1153 2688 certamen

151 2713 184 2768 to
193 2727 332 2790 praesens
344 2712 572 2772 necltomanum
586 2710 756 2772 dilau'onem
767 2710 839 2772 belli
849 2711 989 2776 laturum.
1011 2711 1155 2771 adventus

192 2791 300 2862 llarci,
321 2795 372 2872 qul
395 2795 530 2856 llernicis
555 2793 684 2855 subactis
716 2797 871 2856 maturavit
894 2794 1024 2872 collegae
1050 2796 1154 2855 venire

150 2880 182 2935 tt
193 2875 314 2944 auxilio,
337 2893 451 2937 moram
472 2880 641 2938 certaminis
661 2879 738 2938 hosti
760 2881 877 2940 exemit
912 2886 1028 2938 namot
1046 2879 1097 2958 qui
1114 2895 1152 2939 nc

193 2957 278 3021 alteri
293 2959 411 3039 quidem
428 2963 570 3021 exercitui
584 2979 616 3021 se
633 2961 670 3022 ad
685 2969 835 3024 certamen
847 2961 1041 3023 credidissent
1054 2979 1152 3040 pares,

192 3045 331 3122 coniungi
346 3045 445 3123 utique
460 3048 539 3126 passi
555 3045 628 3105 duos
642 3044 812 3108 consulares
829 3048 977 3108 exercitus
996 3045 1068 3105 nihil
1086 3063 1152 3106 cre·

192 3125 299 3188 derent
323 3147 478 3208 superesse
499 3131 576 3209 spei,
601 3130 805 3192 advenientem
830 3131 1015 3209 inconposito
1035 3131 1153 3207 agmine

150 3211 332 3273 ttllarcium
355 3213 576 3293 adgrediuntur.
615 3216 722 3294 rapu'm
740 3213 873 3275 conlatae
893 3216 1026 3274 sarcinae
1041 3215 1073 3273 io
1088 3230 1152 3274 me·

192 3295 272 3355 dium
285 3305 328 3364 et,
345 3307 432 3375 prout
446 3305 562 3377 tempus
573 3299 754 3376 patiebatur,
771 3300 913 3359 instructa
925 3299 1012 3359 acies.
1040 3297 1153 3358 clamor

193 3381 320 3456 primum
337 3381 367 3439 in
382 3383 483 3441 stativa
500 3381 644 3460 perlatus,
662 3382 730 3442 dein
747 3391 921 3462 conspectus
935 3379 1041 3460 procul
1056 3379 1153 3462 pulvis

150 3464 184 3522 to
193 3461 350 3522 tumultum
372 3465 449 3542 apud
470 3464 594 3526 alterum
616 3464 767 3527 consulem
787 3467 819 3526 in
838 3468 941 3528 castris
955 3465 1033 3525 lecit.
1067 3466 1156 3544 isque
