<?xml version="1.0" encoding="UTF-8"?>
<!DOCTYPE html PUBLIC "-//W3C//DTD XHTML 1.0 Transitional//EN"
    "http://www.w3.org/TR/xhtml1/DTD/xhtml1-transitional.dtd">
<html xmlns="http://www.w3.org/1999/xhtml" xml:lang="en" lang="en">
 <head>
  <title>
</title>
<meta http-equiv="Content-Type" content="text/html;charset=utf-8" />
  <meta name='ocr-system' content='tesseract 3.04.00' />
  <meta name='ocr-capabilities' content='ocr_page ocr_carea ocr_par ocr_line ocrx_word'/>
</head>
<body>
  <div class='ocr_page' id='page_1' title='image "./aburbeconditali08livygoog_0164.png"; bbox 0 0 2532 3938; ppageno 0'>
   <div class='ocr_carea' id='block_1_1' title="bbox 148 201 925 285">
    <p class='ocr_par' dir='ltr' id='par_1_1' title="bbox 148 201 925 285">
     <span class='ocr_line' id='line_1_1' title="bbox 148 201 925 285; baseline -0.01 -16"><span class='ocrx_word' id='word_1_1' title='bbox 148 215 187 277; x_wconf 82' lang='grc'>14</span> <span class='ocrx_word' id='word_1_2' title='bbox 325 226 418 267; x_wconf 76' lang='lat' dir='ltr'>moen</span> <span class='ocrx_word' id='word_1_3' title='bbox 433 225 489 267; x_wconf 73' lang='lat' dir='ltr'>vn,</span> <span class='ocrx_word' id='word_1_4' title='bbox 514 223 583 266; x_wconf 77' lang='lat' dir='ltr'>cnr.</span> <span class='ocrx_word' id='word_1_5' title='bbox 600 211 640 264; x_wconf 75' lang='lat'>13.</span> <span class='ocrx_word' id='word_1_6' title='bbox 658 212 699 264; x_wconf 82' lang='lat'>14.</span> <span class='ocrx_word' id='word_1_7' title='bbox 718 221 757 284; x_wconf 73' lang='lat' dir='ltr'>[a.</span> <span class='ocrx_word' id='word_1_8' title='bbox 773 227 805 266; x_wconf 80' lang='lat' dir='ltr'>u.</span> <span class='ocrx_word' id='word_1_9' title='bbox 821 226 846 265; x_wconf 92' lang='grc' dir='ltr'>ο.</span> <span class='ocrx_word' id='word_1_10' title='bbox 863 201 925 285; x_wconf 69' lang='grc'>396]</span> 
     </span>
    </p>
   </div>
   <div class='ocr_carea' id='block_1_2' title="bbox 58 367 1190 3540">
    <p class='ocr_par' dir='ltr' id='par_1_2' title="bbox 147 367 1178 786">
     <span class='ocr_line' id='line_1_2' title="bbox 147 367 1103 452; baseline -0.004 -18"><span class='ocrx_word' id='word_1_11' title='bbox 147 375 247 434; x_wconf 87' lang='lat' dir='ltr'>hostes</span> <span class='ocrx_word' id='word_1_12' title='bbox 259 373 336 434; x_wconf 89' lang='lat' dir='ltr'>baud</span> <span class='ocrx_word' id='word_1_13' title='bbox 348 391 433 433; x_wconf 90' lang='lat' dir='ltr'>secus</span> <span class='ocrx_word' id='word_1_14' title='bbox 444 392 530 452; x_wconf 87' lang='lat' dir='ltr'>quam</span> <span class='ocrx_word' id='word_1_15' title='bbox 541 371 664 432; x_wconf 86' lang='lat' dir='ltr'>feminas</span> <span class='ocrx_word' id='word_1_16' title='bbox 678 371 791 432; x_wconf 88' lang='lat' dir='ltr'>abditos</span> <span class='ocrx_word' id='word_1_17' title='bbox 804 371 882 430; x_wconf 90' lang='lat' dir='ltr'>intra</span> <span class='ocrx_word' id='word_1_18' title='bbox 892 367 999 430; x_wconf 84' lang='lat' dir='ltr'>vellum</span> <span class='ocrx_word' id='word_1_19' title='bbox 1008 372 1103 430; x_wconf 87' lang='lat' dir='ltr'>omnl-</span> 
     </span>
     <span class='ocr_line' id='line_1_3' title="bbox 147 453 1103 534; baseline -0.003 -17"><span class='ocrx_word' id='word_1_20' title='bbox 147 457 203 518; x_wconf 91' lang='lat' dir='ltr'>bus</span> <span class='ocrx_word' id='word_1_21' title='bbox 226 457 410 517; x_wconf 90' lang='lat' dir='ltr'>contumeliis</span> <span class='ocrx_word' id='word_1_22' title='bbox 429 455 565 527; x_wconf 91' lang='lat' dir='ltr'>eludunt,</span> <span class='ocrx_word' id='word_1_23' title='bbox 587 463 617 516; x_wconf 89' lang='lat' dir='ltr'>et</span> <span class='ocrx_word' id='word_1_24' title='bbox 643 463 674 516; x_wconf 89' lang='lat' dir='ltr'>tu</span> <span class='ocrx_word' id='word_1_25' title='bbox 697 456 858 534; x_wconf 88' lang='lat' dir='ltr'>imperator</span> <span class='ocrx_word' id='word_1_26' title='bbox 880 461 995 524; x_wconf 90' lang='lat' dir='ltr'>noster,</span> <span class='ocrx_word' id='word_1_27' title='bbox 1024 453 1103 533; x_wconf 89' lang='lat' dir='ltr'>quod</span> 
     </span>
     <span class='ocr_line' id='line_1_4' title="bbox 148 534 1178 619; baseline -0.004 -17"><span class='ocrx_word' id='word_1_28' title='bbox 148 543 264 618; x_wconf 82' lang='lat' dir='ltr'>aegrius</span> <span class='ocrx_word' id='word_1_29' title='bbox 278 543 405 619; x_wconf 92' lang='lat' dir='ltr'>patimur</span> <span class='ocrx_word' id='word_1_30' title='bbox 413 585 426 608; x_wconf 81' lang='grc'>,,</span> <span class='ocrx_word' id='word_1_31' title='bbox 438 541 599 600; x_wconf 82' lang='lat' dir='ltr'>exereitum</span> <span class='ocrx_word' id='word_1_32' title='bbox 615 545 698 600; x_wconf 91' lang='lat' dir='ltr'>tuum</span> <span class='ocrx_word' id='word_1_33' title='bbox 715 540 778 598; x_wconf 88' lang='lat' dir='ltr'>sine</span> <span class='ocrx_word' id='word_1_34' title='bbox 790 537 908 607; x_wconf 88' lang='lat' dir='ltr'>animis,</span> <span class='ocrx_word' id='word_1_35' title='bbox 924 539 988 598; x_wconf 89' lang='lat' dir='ltr'>sine</span> <span class='ocrx_word' id='word_1_36' title='bbox 1002 534 1117 619; x_wconf 77' lang='lat' dir='ltr'>armis,</span> <span class='ocrx_word' id='word_1_37' title='bbox 1176 569 1178 574; x_wconf 83' lang='lat'><em>.</em></span> 
     </span>
     <span class='ocr_line' id='line_1_5' title="bbox 148 623 1103 702; baseline -0.003 -19"><span class='ocrx_word' id='word_1_38' title='bbox 148 625 211 684; x_wconf 91' lang='lat' dir='ltr'>sine</span> <span class='ocrx_word' id='word_1_39' title='bbox 225 624 360 684; x_wconf 88' lang='lat' dir='ltr'>manibus</span> <span class='ocrx_word' id='word_1_40' title='bbox 372 623 483 684; x_wconf 85' lang='lat' dir='ltr'>iudicas</span> <span class='ocrx_word' id='word_1_41' title='bbox 496 641 558 683; x_wconf 89' lang='lat' dir='ltr'>esse</span> <span class='ocrx_word' id='word_1_42' title='bbox 571 629 608 692; x_wconf 91' lang='lat' dir='ltr'>et,</span> <span class='ocrx_word' id='word_1_43' title='bbox 620 624 789 702; x_wconf 81' lang='lat' dir='ltr'>priusquam</span> <span class='ocrx_word' id='word_1_44' title='bbox 803 637 939 700; x_wconf 82' lang='lat' dir='ltr'>expertus</span> <span class='ocrx_word' id='word_1_45' title='bbox 950 639 1004 682; x_wconf 92' lang='lat' dir='ltr'>nos</span> <span class='ocrx_word' id='word_1_46' title='bbox 1015 638 1103 690; x_wconf 86' lang='lat' dir='ltr'>esses,</span> 
     </span>
     <span class='ocr_line' id='line_1_6' title="bbox 148 703 1104 786; baseline -0.003 -18"><span class='ocrx_word' id='word_1_47' title='bbox 148 707 185 768; x_wconf 91' lang='lat' dir='ltr'>de</span> <span class='ocrx_word' id='word_1_48' title='bbox 197 707 281 767; x_wconf 92' lang='lat' dir='ltr'>nobis</span> <span class='ocrx_word' id='word_1_49' title='bbox 295 709 334 768; x_wconf 81' lang='lat' dir='ltr'>ita</span> <span class='ocrx_word' id='word_1_50' title='bbox 346 707 516 786; x_wconf 82' lang='lat' dir='ltr'><strong>desperasti,</strong></span> <span class='ocrx_word' id='word_1_51' title='bbox 532 714 565 767; x_wconf 92' lang='lat' dir='ltr'>ut</span> <span class='ocrx_word' id='word_1_52' title='bbox 574 713 604 766; x_wconf 90' lang='lat' dir='ltr'>te</span> <span class='ocrx_word' id='word_1_53' title='bbox 618 724 789 766; x_wconf 88' lang='lat' dir='ltr'>mancorum</span> <span class='ocrx_word' id='word_1_54' title='bbox 801 723 835 766; x_wconf 90' lang='lat' dir='ltr'>ao</span> <span class='ocrx_word' id='word_1_55' title='bbox 847 703 986 764; x_wconf 82' lang='lat' dir='ltr'>debilium</span> <span class='ocrx_word' id='word_1_56' title='bbox 999 703 1104 765; x_wconf 88' lang='lat' dir='ltr'>ducem</span> 
     </span>
    </p>

    <p class='ocr_par' dir='ltr' id='par_1_3' title="bbox 116 788 1106 1035">
     <span class='ocr_line' id='line_1_7' title="bbox 116 788 1105 869; baseline -0.005 -17"><span class='ocrx_word' id='word_1_57' title='bbox 116 799 131 852; x_wconf 81' lang='lat' dir='ltr'>t</span> <span class='ocrx_word' id='word_1_58' title='bbox 147 792 292 852; x_wconf 88' lang='lat' dir='ltr'>iudicares</span> <span class='ocrx_word' id='word_1_59' title='bbox 308 809 380 851; x_wconf 91' lang='lat' dir='ltr'>esse.</span> <span class='ocrx_word' id='word_1_60' title='bbox 408 789 478 869; x_wconf 91' lang='lat' dir='ltr'>quid</span> <span class='ocrx_word' id='word_1_61' title='bbox 493 791 572 850; x_wconf 91' lang='lat' dir='ltr'>enim</span> <span class='ocrx_word' id='word_1_62' title='bbox 584 789 661 850; x_wconf 88' lang='lat' dir='ltr'>alind</span> <span class='ocrx_word' id='word_1_63' title='bbox 674 807 738 850; x_wconf 88' lang='lat' dir='ltr'>esse</span> <span class='ocrx_word' id='word_1_64' title='bbox 751 807 856 850; x_wconf 89' lang='lat' dir='ltr'>causae</span> <span class='ocrx_word' id='word_1_65' title='bbox 867 788 1036 858; x_wconf 81' lang='lat' dir='ltr'>credamus,</span> <span class='ocrx_word' id='word_1_66' title='bbox 1052 805 1105 849; x_wconf 92' lang='lat' dir='ltr'>cur</span> 
     </span>
     <span class='ocr_line' id='line_1_8' title="bbox 148 871 1105 952; baseline -0.005 -17"><span class='ocrx_word' id='word_1_67' title='bbox 148 883 303 936; x_wconf 85' lang='lat' dir='ltr'>veteranus</span> <span class='ocrx_word' id='word_1_68' title='bbox 317 875 390 943; x_wconf 83' lang='lat' dir='ltr'>dux,</span> <span class='ocrx_word' id='word_1_69' title='bbox 413 875 588 934; x_wconf 77' lang='lat' dir='ltr'>fortissimus</span> <span class='ocrx_word' id='word_1_70' title='bbox 605 872 698 943; x_wconf 93' lang='lat' dir='ltr'>bello,</span> <span class='ocrx_word' id='word_1_71' title='bbox 721 873 902 952; x_wconf 91' lang='lat' dir='ltr'>conpressis,</span> <span class='ocrx_word' id='word_1_72' title='bbox 919 871 997 951; x_wconf 90' lang='lat' dir='ltr'>quod</span> <span class='ocrx_word' id='word_1_73' title='bbox 1015 873 1105 941; x_wconf 86' lang='lat' dir='ltr'>aiunt,</span> 
     </span>
     <span class='ocr_line' id='line_1_9' title="bbox 148 955 1106 1035; baseline -0.003 -16"><span class='ocrx_word' id='word_1_74' title='bbox 148 959 284 1020; x_wconf 89' lang='lat' dir='ltr'>manibus</span> <span class='ocrx_word' id='word_1_75' title='bbox 296 957 416 1018; x_wconf 74' lang='lat' dir='ltr'>sedeas?</span> <span class='ocrx_word' id='word_1_76' title='bbox 430 965 588 1035; x_wconf 89' lang='lat' dir='ltr'>utcumque</span> <span class='ocrx_word' id='word_1_77' title='bbox 601 958 680 1017; x_wconf 89' lang='lat' dir='ltr'>enim</span> <span class='ocrx_word' id='word_1_78' title='bbox 692 975 723 1016; x_wconf 91' lang='lat' dir='ltr'>se</span> <span class='ocrx_word' id='word_1_79' title='bbox 734 956 824 1016; x_wconf 89' lang='lat' dir='ltr'>babet</span> <span class='ocrx_word' id='word_1_80' title='bbox 834 973 896 1025; x_wconf 90' lang='lat' dir='ltr'>res,</span> <span class='ocrx_word' id='word_1_81' title='bbox 912 964 942 1016; x_wconf 90' lang='lat' dir='ltr'>te</span> <span class='ocrx_word' id='word_1_82' title='bbox 958 955 994 1014; x_wconf 90' lang='lat' dir='ltr'>de</span> <span class='ocrx_word' id='word_1_83' title='bbox 1006 964 1106 1016; x_wconf 88' lang='lat' dir='ltr'>nostra</span> 
     </span>
    </p>

    <p class='ocr_par' dir='ltr' id='par_1_4' title="bbox 116 1039 1107 1287">
     <span class='ocr_line' id='line_1_10' title="bbox 116 1039 1106 1119; baseline -0.005 -16"><span class='ocrx_word' id='word_1_84' title='bbox 116 1050 133 1102; x_wconf 85' lang='lat'><strong>8</strong></span> <span class='ocrx_word' id='word_1_85' title='bbox 150 1043 254 1102; x_wconf 81' lang='lat' dir='ltr'>virtute</span> <span class='ocrx_word' id='word_1_86' title='bbox 270 1041 418 1101; x_wconf 80' lang='lat' dir='ltr'>dubitasse</span> <span class='ocrx_word' id='word_1_87' title='bbox 438 1039 531 1100; x_wconf 88' lang='lat' dir='ltr'>videri</span> <span class='ocrx_word' id='word_1_88' title='bbox 555 1059 642 1119; x_wconf 87' lang='lat' dir='ltr'>quam</span> <span class='ocrx_word' id='word_1_89' title='bbox 665 1059 719 1100; x_wconf 91' lang='lat' dir='ltr'>nos</span> <span class='ocrx_word' id='word_1_90' title='bbox 735 1040 771 1099; x_wconf 90' lang='lat' dir='ltr'>de</span> <span class='ocrx_word' id='word_1_91' title='bbox 793 1048 842 1100; x_wconf 90' lang='lat' dir='ltr'>tua</span> <span class='ocrx_word' id='word_1_92' title='bbox 858 1041 955 1100; x_wconf 82' lang='lat' dir='ltr'>verius</span> <span class='ocrx_word' id='word_1_93' title='bbox 977 1047 1037 1100; x_wconf 84' lang='lat' dir='ltr'>est·</span> <span class='ocrx_word' id='word_1_94' title='bbox 1061 1041 1106 1099; x_wconf 89' lang='lat' dir='ltr'>sin</span> 
     </span>
     <span class='ocr_line' id='line_1_11' title="bbox 150 1122 1106 1204; baseline -0.005 -18"><span class='ocrx_word' id='word_1_95' title='bbox 150 1134 318 1186; x_wconf 91' lang='lat' dir='ltr'>autemnon</span> <span class='ocrx_word' id='word_1_96' title='bbox 331 1133 414 1184; x_wconf 91' lang='lat' dir='ltr'>tuum</span> <span class='ocrx_word' id='word_1_97' title='bbox 426 1125 514 1194; x_wconf 91' lang='lat' dir='ltr'>istnc,</span> <span class='ocrx_word' id='word_1_98' title='bbox 528 1125 578 1184; x_wconf 90' lang='lat' dir='ltr'>sed</span> <span class='ocrx_word' id='word_1_99' title='bbox 593 1123 743 1204; x_wconf 89' lang='lat' dir='ltr'>publicum</span> <span class='ocrx_word' id='word_1_100' title='bbox 756 1133 801 1184; x_wconf 87' lang='lat' dir='ltr'>est</span> <span class='ocrx_word' id='word_1_101' title='bbox 812 1122 981 1193; x_wconf 89' lang='lat' dir='ltr'>eonsilium,</span> <span class='ocrx_word' id='word_1_102' title='bbox 995 1129 1024 1182; x_wconf 91' lang='lat' dir='ltr'>et</span> <span class='ocrx_word' id='word_1_103' title='bbox 1035 1139 1106 1195; x_wconf 86' lang='lat' dir='ltr'>con-</span> 
     </span>
     <span class='ocr_line' id='line_1_12' title="bbox 149 1205 1107 1287; baseline -0.005 -17"><span class='ocrx_word' id='word_1_104' title='bbox 149 1227 252 1270; x_wconf 91' lang='lat' dir='ltr'>sensus</span> <span class='ocrx_word' id='word_1_105' title='bbox 268 1206 355 1287; x_wconf 88' lang='lat' dir='ltr'>aliqui</span> <span class='ocrx_word' id='word_1_106' title='bbox 372 1214 505 1287; x_wconf 90' lang='lat' dir='ltr'>patrum,</span> <span class='ocrx_word' id='word_1_107' title='bbox 526 1226 586 1269; x_wconf 91' lang='lat' dir='ltr'>non</span> <span class='ocrx_word' id='word_1_108' title='bbox 603 1206 745 1270; x_wconf 85' lang='lat' dir='ltr'>Gallicum</span> <span class='ocrx_word' id='word_1_109' title='bbox 768 1206 878 1268; x_wconf 91' lang='lat' dir='ltr'>bellum</span> <span class='ocrx_word' id='word_1_110' title='bbox 896 1225 950 1266; x_wconf 93' lang='lat' dir='ltr'>nos</span> <span class='ocrx_word' id='word_1_111' title='bbox 967 1205 1004 1266; x_wconf 92' lang='lat' dir='ltr'>ab</span> <span class='ocrx_word' id='word_1_112' title='bbox 1020 1205 1107 1280; x_wconf 81' lang='lat' dir='ltr'>urbe,</span> 
     </span>
    </p>

    <p class='ocr_par' dir='ltr' id='par_1_5' title="bbox 58 1289 1106 1541">
     <span class='ocr_line' id='line_1_13' title="bbox 58 1289 1105 1372; baseline -0.006 -17"><span class='ocrx_word' id='word_1_113' title='bbox 58 1339 63 1342; x_wconf 92' lang='lat'>-</span> <span class='ocrx_word' id='word_1_114' title='bbox 149 1291 336 1372; x_wconf 90' lang='lat' dir='ltr'>apenatibus</span> <span class='ocrx_word' id='word_1_115' title='bbox 353 1293 461 1352; x_wconf 91' lang='lat' dir='ltr'>nostris</span> <span class='ocrx_word' id='word_1_116' title='bbox 482 1289 629 1369; x_wconf 82' lang='lat' dir='ltr'>ablegatos</span> <span class='ocrx_word' id='word_1_117' title='bbox 644 1298 740 1362; x_wconf 87' lang='lat' dir='ltr'>tenet,</span> <span class='ocrx_word' id='word_1_118' title='bbox 763 1310 886 1370; x_wconf 87' lang='lat' dir='ltr'>quaeso,</span> <span class='ocrx_word' id='word_1_119' title='bbox 906 1297 939 1351; x_wconf 91' lang='lat' dir='ltr'>ut</span> <span class='ocrx_word' id='word_1_120' title='bbox 960 1307 1009 1360; x_wconf 86' lang='lat' dir='ltr'>ea,</span> <span class='ocrx_word' id='word_1_121' title='bbox 1031 1307 1105 1368; x_wconf 90' lang='lat' dir='ltr'>quae</span> 
     </span>
     <span class='ocr_line' id='line_1_14' title="bbox 151 1372 1105 1454; baseline -0.006 -16"><span class='ocrx_word' id='word_1_122' title='bbox 151 1377 259 1446; x_wconf 90' lang='lat' dir='ltr'>dicam,</span> <span class='ocrx_word' id='word_1_123' title='bbox 281 1395 341 1436; x_wconf 93' lang='lat' dir='ltr'>non</span> <span class='ocrx_word' id='word_1_124' title='bbox 358 1395 375 1436; x_wconf 92' lang='lat' dir='ltr'>a</span> <span class='ocrx_word' id='word_1_125' title='bbox 391 1373 532 1435; x_wconf 80' lang='lat' dir='ltr'>militibus</span> <span class='ocrx_word' id='word_1_126' title='bbox 552 1377 725 1454; x_wconf 90' lang='lat' dir='ltr'>imperatori</span> <span class='ocrx_word' id='word_1_127' title='bbox 751 1375 827 1436; x_wconf 91' lang='lat' dir='ltr'>dicta</span> <span class='ocrx_word' id='word_1_128' title='bbox 849 1391 987 1444; x_wconf 86' lang='lat' dir='ltr'>censeas,</span> <span class='ocrx_word' id='word_1_129' title='bbox 1013 1372 1064 1434; x_wconf 87' lang='lat' dir='ltr'>sed</span> <span class='ocrx_word' id='word_1_130' title='bbox 1089 1391 1105 1432; x_wconf 87' lang='lat' dir='ltr'>a</span> 
     </span>
     <span class='ocr_line' id='line_1_15' title="bbox 148 1455 1106 1541; baseline -0.006 -20"><span class='ocrx_word' id='word_1_131' title='bbox 148 1460 235 1541; x_wconf 86' lang='lat' dir='ltr'>plebe</span> <span class='ocrx_word' id='word_1_132' title='bbox 247 1459 393 1539; x_wconf 90' lang='lat' dir='ltr'>patribus,</span> <span class='ocrx_word' id='word_1_133' title='bbox 412 1477 486 1537; x_wconf 88' lang='lat' dir='ltr'>quae</span> <span class='ocrx_word' id='word_1_134' title='bbox 503 1459 578 1518; x_wconf 92' lang='lat' dir='ltr'>sicut</span> <span class='ocrx_word' id='word_1_135' title='bbox 593 1475 643 1517; x_wconf 91' lang='lat' dir='ltr'>vos</span> <span class='ocrx_word' id='word_1_136' title='bbox 657 1466 750 1518; x_wconf 83' lang='lat' dir='ltr'>vestra</span> <span class='ocrx_word' id='word_1_137' title='bbox 765 1457 897 1518; x_wconf 90' lang='lat' dir='ltr'>babeatis</span> <span class='ocrx_word' id='word_1_138' title='bbox 912 1455 1047 1527; x_wconf 84' lang='lat' dir='ltr'>consilia,</span> <span class='ocrx_word' id='word_1_139' title='bbox 1064 1458 1106 1516; x_wconf 90' lang='lat' dir='ltr'>sic</span> 
     </span>
    </p>

    <p class='ocr_par' dir='ltr' id='par_1_6' title="bbox 118 1539 1107 1950">
     <span class='ocr_line' id='line_1_16' title="bbox 118 1539 1107 1618; baseline -0.005 -14"><span class='ocrx_word' id='word_1_140' title='bbox 118 1553 182 1604; x_wconf 86' lang='lat' dir='ltr'>ttse</span> <span class='ocrx_word' id='word_1_141' title='bbox 198 1562 250 1604; x_wconf 91' lang='lat' dir='ltr'>sua</span> <span class='ocrx_word' id='word_1_142' title='bbox 265 1543 431 1603; x_wconf 87' lang='lat' dir='ltr'>babituram</span> <span class='ocrx_word' id='word_1_143' title='bbox 448 1541 533 1600; x_wconf 87' lang='lat' dir='ltr'>dicat.</span> <span class='ocrx_word' id='word_1_144' title='bbox 569 1542 633 1618; x_wconf 89' lang='lat' dir='ltr'>quis</span> <span class='ocrx_word' id='word_1_145' title='bbox 652 1541 771 1600; x_wconf 90' lang='lat' dir='ltr'>tandem</span> <span class='ocrx_word' id='word_1_146' title='bbox 792 1548 976 1610; x_wconf 79' lang='lat' dir='ltr'>suscenseat,</span> <span class='ocrx_word' id='word_1_147' title='bbox 999 1539 1107 1600; x_wconf 87' lang='lat' dir='ltr'>milites</span> 
     </span>
     <span class='ocr_line' id='line_1_17' title="bbox 150 1621 1106 1694; baseline -0.004 -8"><span class='ocrx_word' id='word_1_148' title='bbox 150 1646 205 1687; x_wconf 90' lang='lat' dir='ltr'>nos</span> <span class='ocrx_word' id='word_1_149' title='bbox 223 1643 303 1694; x_wconf 90' lang='lat' dir='ltr'>esse,</span> <span class='ocrx_word' id='word_1_150' title='bbox 320 1642 379 1684; x_wconf 92' lang='lat' dir='ltr'>non</span> <span class='ocrx_word' id='word_1_151' title='bbox 396 1641 495 1682; x_wconf 90' lang='lat' dir='ltr'>servos</span> <span class='ocrx_word' id='word_1_152' title='bbox 509 1629 635 1692; x_wconf 91' lang='lat' dir='ltr'>vestros,</span> <span class='ocrx_word' id='word_1_153' title='bbox 658 1621 695 1682; x_wconf 92' lang='lat' dir='ltr'>ad</span> <span class='ocrx_word' id='word_1_154' title='bbox 712 1621 836 1691; x_wconf 91' lang='lat' dir='ltr'>bellum,</span> <span class='ocrx_word' id='word_1_155' title='bbox 858 1623 969 1683; x_wconf 81' lang='lat' dir='ltr'>nonin</span> <span class='ocrx_word' id='word_1_156' title='bbox 988 1623 1106 1682; x_wconf 82' lang='lat' dir='ltr'>exilium</span> 
     </span>
     <span class='ocr_line' id='line_1_18' title="bbox 149 1705 1107 1785; baseline -0.005 -16"><span class='ocrx_word' id='word_1_157' title='bbox 149 1710 268 1776; x_wconf 91' lang='lat' dir='ltr'>missos;</span> <span class='ocrx_word' id='word_1_158' title='bbox 300 1710 324 1766; x_wconf 91' lang='lat' dir='ltr'>si</span> <span class='ocrx_word' id='word_1_159' title='bbox 341 1707 407 1785; x_wconf 87' lang='lat' dir='ltr'>quis</span> <span class='ocrx_word' id='word_1_160' title='bbox 425 1705 475 1765; x_wconf 90' lang='lat' dir='ltr'>det</span> <span class='ocrx_word' id='word_1_161' title='bbox 488 1706 618 1781; x_wconf 82' lang='lat' dir='ltr'>signum,</span> <span class='ocrx_word' id='word_1_162' title='bbox 640 1706 670 1762; x_wconf 93' lang='lat' dir='ltr'>in</span> <span class='ocrx_word' id='word_1_163' title='bbox 686 1706 778 1764; x_wconf 87' lang='lat' dir='ltr'>aciem</span> <span class='ocrx_word' id='word_1_164' title='bbox 795 1705 913 1774; x_wconf 89' lang='lat' dir='ltr'>educat,</span> <span class='ocrx_word' id='word_1_165' title='bbox 940 1712 973 1764; x_wconf 90' lang='lat' dir='ltr'>ut</span> <span class='ocrx_word' id='word_1_166' title='bbox 988 1707 1057 1764; x_wconf 86' lang='lat' dir='ltr'>viris</span> <span class='ocrx_word' id='word_1_167' title='bbox 1073 1721 1107 1765; x_wconf 89' lang='lat' dir='ltr'>ac</span> 
     </span>
     <span class='ocr_line' id='line_1_19' title="bbox 149 1786 1105 1867; baseline -0.004 -15"><span class='ocrx_word' id='word_1_168' title='bbox 149 1792 289 1852; x_wconf 86' lang='lat' dir='ltr'>Romanis</span> <span class='ocrx_word' id='word_1_169' title='bbox 305 1789 426 1866; x_wconf 84' lang='lat' dir='ltr'>dignum</span> <span class='ocrx_word' id='word_1_170' title='bbox 441 1789 491 1858; x_wconf 91' lang='lat' dir='ltr'>sit,</span> <span class='ocrx_word' id='word_1_171' title='bbox 513 1795 710 1866; x_wconf 77' lang='lat' dir='ltr'>pugnaturos:</span> <span class='ocrx_word' id='word_1_172' title='bbox 733 1789 758 1846; x_wconf 90' lang='lat' dir='ltr'>si</span> <span class='ocrx_word' id='word_1_173' title='bbox 774 1786 847 1846; x_wconf 88' lang='lat' dir='ltr'>nibil</span> <span class='ocrx_word' id='word_1_174' title='bbox 861 1789 951 1848; x_wconf 87' lang='lat' dir='ltr'>armis</span> <span class='ocrx_word' id='word_1_175' title='bbox 971 1788 1105 1867; x_wconf 88' lang='lat' dir='ltr'>opusslt,</span> 
     </span>
     <span class='ocr_line' id='line_1_20' title="bbox 150 1870 1106 1950; baseline -0.003 -16"><span class='ocrx_word' id='word_1_176' title='bbox 150 1877 242 1934; x_wconf 92' lang='lat' dir='ltr'>otium</span> <span class='ocrx_word' id='word_1_177' title='bbox 258 1873 368 1933; x_wconf 86' lang='lat' dir='ltr'>Romae</span> <span class='ocrx_word' id='word_1_178' title='bbox 385 1872 483 1950; x_wconf 90' lang='lat' dir='ltr'>potius</span> <span class='ocrx_word' id='word_1_179' title='bbox 504 1889 591 1950; x_wconf 87' lang='lat' dir='ltr'>quam</span> <span class='ocrx_word' id='word_1_180' title='bbox 611 1872 761 1931; x_wconf 90' lang='lat' dir='ltr'>incastris</span> <span class='ocrx_word' id='word_1_181' title='bbox 779 1879 904 1932; x_wconf 89' lang='lat' dir='ltr'>acturos.</span> <span class='ocrx_word' id='word_1_182' title='bbox 938 1871 1012 1931; x_wconf 91' lang='lat' dir='ltr'>haee</span> <span class='ocrx_word' id='word_1_183' title='bbox 1030 1870 1106 1932; x_wconf 85' lang='lat' dir='ltr'>dieta</span> 
     </span>
    </p>

    <p class='ocr_par' dir='ltr' id='par_1_7' title="bbox 110 1953 1107 2121">
     <span class='ocr_line' id='line_1_21' title="bbox 110 1953 1107 2036; baseline -0.002 -19"><span class='ocrx_word' id='word_1_184' title='bbox 110 1961 209 2018; x_wconf 88' lang='lat' dir='ltr'>lttsint</span> <span class='ocrx_word' id='word_1_185' title='bbox 224 1956 370 2036; x_wconf 90' lang='lat' dir='ltr'>patribus:</span> <span class='ocrx_word' id='word_1_186' title='bbox 400 1963 444 2024; x_wconf 91' lang='lat' dir='ltr'>te,</span> <span class='ocrx_word' id='word_1_187' title='bbox 460 1956 636 2033; x_wconf 87' lang='lat' dir='ltr'>imperator,</span> <span class='ocrx_word' id='word_1_188' title='bbox 653 1953 760 2014; x_wconf 86' lang='lat' dir='ltr'>milites</span> <span class='ocrx_word' id='word_1_189' title='bbox 776 1955 816 2014; x_wconf 93' lang='lat' dir='ltr'>tui</span> <span class='ocrx_word' id='word_1_190' title='bbox 831 1972 964 2026; x_wconf 91' lang='lat' dir='ltr'>oramus,</span> <span class='ocrx_word' id='word_1_191' title='bbox 979 1961 1011 2015; x_wconf 88' lang='lat' dir='ltr'>ut</span> <span class='ocrx_word' id='word_1_192' title='bbox 1023 1953 1107 2016; x_wconf 90' lang='lat' dir='ltr'>nobis</span> 
     </span>
     <span class='ocr_line' id='line_1_22' title="bbox 150 2039 1107 2121; baseline -0.003 -20"><span class='ocrx_word' id='word_1_193' title='bbox 150 2040 299 2121; x_wconf 85' lang='lat' dir='ltr'>pugnandi</span> <span class='ocrx_word' id='word_1_194' title='bbox 321 2040 435 2118; x_wconf 90' lang='lat' dir='ltr'>copiam</span> <span class='ocrx_word' id='word_1_195' title='bbox 456 2039 554 2098; x_wconf 83' lang='lat' dir='ltr'>iacias.</span> <span class='ocrx_word' id='word_1_196' title='bbox 589 2057 656 2099; x_wconf 92' lang='lat' dir='ltr'>cum</span> <span class='ocrx_word' id='word_1_197' title='bbox 683 2040 801 2099; x_wconf 88' lang='lat' dir='ltr'>vincere</span> <span class='ocrx_word' id='word_1_198' title='bbox 828 2039 960 2118; x_wconf 89' lang='lat' dir='ltr'>cupimus</span> <span class='ocrx_word' id='word_1_199' title='bbox 988 2047 1051 2100; x_wconf 92' lang='lat' dir='ltr'>tum</span> <span class='ocrx_word' id='word_1_200' title='bbox 1078 2045 1107 2098; x_wconf 89' lang='lat' dir='ltr'>te</span> 
     </span>
    </p>

    <p class='ocr_par' dir='ltr' id='par_1_8' title="bbox 80 2120 1107 2288">
     <span class='ocr_line' id='line_1_23' title="bbox 80 2120 1107 2200; baseline -0.002 -16"><span class='ocrx_word' id='word_1_201' title='bbox 80 2169 84 2176; x_wconf 86' lang='lat'><strong>.</strong></span> <span class='ocrx_word' id='word_1_202' title='bbox 152 2125 359 2193; x_wconf 84' lang='lat' dir='ltr'>ducerincere,</span> <span class='ocrx_word' id='word_1_203' title='bbox 376 2121 427 2182; x_wconf 92' lang='lat' dir='ltr'>tibi</span> <span class='ocrx_word' id='word_1_204' title='bbox 443 2120 574 2182; x_wconf 88' lang='lat' dir='ltr'>lauream</span> <span class='ocrx_word' id='word_1_205' title='bbox 588 2123 734 2200; x_wconf 82' lang='lat' dir='ltr'>insignem</span> <span class='ocrx_word' id='word_1_206' title='bbox 750 2121 876 2192; x_wconf 81' lang='lat' dir='ltr'>deferre,</span> <span class='ocrx_word' id='word_1_207' title='bbox 893 2129 992 2182; x_wconf 89' lang='lat' dir='ltr'>tecum</span> <span class='ocrx_word' id='word_1_208' title='bbox 1004 2124 1107 2182; x_wconf 90' lang='lat' dir='ltr'>trium·</span> 
     </span>
     <span class='ocr_line' id='line_1_24' title="bbox 151 2205 1107 2288; baseline -0.003 -21"><span class='ocrx_word' id='word_1_209' title='bbox 151 2208 276 2288; x_wconf 90' lang='lat' dir='ltr'>phantes</span> <span class='ocrx_word' id='word_1_210' title='bbox 288 2206 393 2267; x_wconf 90' lang='lat' dir='ltr'>urbem</span> <span class='ocrx_word' id='word_1_211' title='bbox 407 2207 499 2274; x_wconf 88' lang='lat' dir='ltr'>inire,</span> <span class='ocrx_word' id='word_1_212' title='bbox 515 2213 597 2266; x_wconf 91' lang='lat' dir='ltr'>tuum</span> <span class='ocrx_word' id='word_1_213' title='bbox 609 2213 765 2285; x_wconf 89' lang='lat' dir='ltr'>sequentes</span> <span class='ocrx_word' id='word_1_214' title='bbox 781 2224 901 2267; x_wconf 90' lang='lat' dir='ltr'>currum</span> <span class='ocrx_word' id='word_1_215' title='bbox 915 2205 990 2266; x_wconf 81' lang='lat' dir='ltr'>loris</span> <span class='ocrx_word' id='word_1_216' title='bbox 1006 2206 1107 2285; x_wconf 87' lang='lat' dir='ltr'>optimi</span> 
     </span>
    </p>

    <p class='ocr_par' dir='ltr' id='par_1_9' title="bbox 110 2289 1107 2536">
     <span class='ocr_line' id='line_1_25' title="bbox 110 2289 1107 2369; baseline -0.003 -18"><span class='ocrx_word' id='word_1_217' title='bbox 110 2301 140 2351; x_wconf 90' lang='lat' dir='ltr'>tt</span> <span class='ocrx_word' id='word_1_218' title='bbox 153 2291 271 2352; x_wconf 82' lang='lat' dir='ltr'>maximi</span> <span class='ocrx_word' id='word_1_219' title='bbox 286 2289 427 2369; x_wconf 90' lang='lat' dir='ltr'>templum</span> <span class='ocrx_word' id='word_1_220' title='bbox 442 2297 589 2368; x_wconf 84' lang='lat' dir='ltr'>gratantes</span> <span class='ocrx_word' id='word_1_221' title='bbox 604 2299 780 2368; x_wconf 85' lang='lat' dir='ltr'>orantesque</span> <span class='ocrx_word' id='word_1_222' title='bbox 802 2289 914 2350; x_wconf 89' lang='lat' dir='ltr'>adire.“</span> <span class='ocrx_word' id='word_1_223' title='bbox 945 2292 1107 2350; x_wconf 88' lang='lat' dir='ltr'>orationem</span> 
     </span>
     <span class='ocr_line' id='line_1_26' title="bbox 151 2372 1107 2454; baseline -0.005 -18"><span class='ocrx_word' id='word_1_224' title='bbox 151 2375 228 2436; x_wconf 86' lang='lat' dir='ltr'>Tulli</span> <span class='ocrx_word' id='word_1_225' title='bbox 243 2381 421 2454; x_wconf 86' lang='lat' dir='ltr'>exceperunt</span> <span class='ocrx_word' id='word_1_226' title='bbox 435 2391 538 2452; x_wconf 88' lang='lat' dir='ltr'>preces</span> <span class='ocrx_word' id='word_1_227' title='bbox 553 2372 762 2442; x_wconf 84' lang='lat' dir='ltr'>multitudinis,</span> <span class='ocrx_word' id='word_1_228' title='bbox 785 2381 814 2434; x_wconf 89' lang='lat' dir='ltr'>et</span> <span class='ocrx_word' id='word_1_229' title='bbox 831 2373 976 2452; x_wconf 88' lang='lat' dir='ltr'>undique,</span> <span class='ocrx_word' id='word_1_230' title='bbox 997 2382 1030 2434; x_wconf 90' lang='lat' dir='ltr'>ut</span> <span class='ocrx_word' id='word_1_231' title='bbox 1049 2373 1107 2450; x_wconf 79' lang='lat' dir='ltr'>sig·</span> 
     </span>
     <span class='ocr_line' id='line_1_27' title="bbox 151 2455 935 2536; baseline -0.003 -16"><span class='ocrx_word' id='word_1_232' title='bbox 151 2477 222 2520; x_wconf 91' lang='lat' dir='ltr'>num</span> <span class='ocrx_word' id='word_1_233' title='bbox 238 2457 335 2528; x_wconf 86' lang='lat' dir='ltr'>daret,</span> <span class='ocrx_word' id='word_1_234' title='bbox 351 2466 383 2517; x_wconf 90' lang='lat' dir='ltr'>ut</span> <span class='ocrx_word' id='word_1_235' title='bbox 398 2475 503 2536; x_wconf 83' lang='lat' dir='ltr'>capere</span> <span class='ocrx_word' id='word_1_236' title='bbox 519 2474 599 2517; x_wconf 90' lang='lat' dir='ltr'>arma</span> <span class='ocrx_word' id='word_1_237' title='bbox 615 2456 744 2526; x_wconf 91' lang='lat' dir='ltr'>iuberet,</span> <span class='ocrx_word' id='word_1_238' title='bbox 762 2455 935 2518; x_wconf 90' lang='lat' dir='ltr'>clamabant.</span> 
     </span>
    </p>

    <p class='ocr_par' dir='ltr' id='par_1_10' title="bbox 120 2538 1190 2788">
     <span class='ocr_line' id='line_1_28' title="bbox 120 2538 1107 2620; baseline -0.002 -18"><span class='ocrx_word' id='word_1_239' title='bbox 120 2552 133 2602; x_wconf 94' lang='lat'>1</span> <span class='ocrx_word' id='word_1_240' title='bbox 211 2541 283 2602; x_wconf 80' lang='lat' dir='ltr'>XIV.</span> <span class='ocrx_word' id='word_1_241' title='bbox 316 2541 447 2602; x_wconf 88' lang='lat' dir='ltr'>Dictator</span> <span class='ocrx_word' id='word_1_242' title='bbox 465 2558 639 2620; x_wconf 90' lang='lat' dir='ltr'>quamquam</span> <span class='ocrx_word' id='word_1_243' title='bbox 664 2558 728 2600; x_wconf 86' lang='lat' dir='ltr'>rem</span> <span class='ocrx_word' id='word_1_244' title='bbox 748 2539 855 2601; x_wconf 92' lang='lat' dir='ltr'>bonam</span> <span class='ocrx_word' id='word_1_245' title='bbox 878 2538 1012 2620; x_wconf 83' lang='lat' dir='ltr'>exemplo</span> <span class='ocrx_word' id='word_1_246' title='bbox 1029 2539 1107 2602; x_wconf 88' lang='lat' dir='ltr'>baud</span> 
     </span>
     <span class='ocr_line' id='line_1_29' title="bbox 150 2622 1190 2708; baseline -0.004 -22"><span class='ocrx_word' id='word_1_247' title='bbox 150 2625 297 2708; x_wconf 89' lang='lat' dir='ltr'>probabili</span> <span class='ocrx_word' id='word_1_248' title='bbox 319 2633 412 2686; x_wconf 89' lang='lat' dir='ltr'>actam</span> <span class='ocrx_word' id='word_1_249' title='bbox 434 2623 586 2694; x_wconf 89' lang='lat' dir='ltr'>censebat,</span> <span class='ocrx_word' id='word_1_250' title='bbox 614 2630 713 2684; x_wconf 87' lang='lat' dir='ltr'>tamen</span> <span class='ocrx_word' id='word_1_251' title='bbox 735 2623 881 2686; x_wconf 80' lang='lat' dir='ltr'>iacturum</span> <span class='ocrx_word' id='word_1_252' title='bbox 903 2623 981 2702; x_wconf 90' lang='lat' dir='ltr'>quod</span> <span class='ocrx_word' id='word_1_253' title='bbox 1001 2622 1108 2683; x_wconf 87' lang='lat' dir='ltr'>milites</span> <span class='ocrx_word' id='word_1_254' title='bbox 1185 2653 1190 2663; x_wconf 72' lang='lat'>=</span> 
     </span>
     <span class='ocr_line' id='line_1_30' title="bbox 151 2704 1108 2788; baseline -0.003 -19"><span class='ocrx_word' id='word_1_255' title='bbox 151 2709 260 2770; x_wconf 80' lang='lat' dir='ltr'>vellent</span> <span class='ocrx_word' id='word_1_256' title='bbox 273 2710 445 2787; x_wconf 88' lang='lat' dir='ltr'>serecepit,</span> <span class='ocrx_word' id='word_1_257' title='bbox 462 2706 649 2786; x_wconf 78' lang='lat' dir='ltr'>Tulliumque</span> <span class='ocrx_word' id='word_1_258' title='bbox 666 2715 794 2778; x_wconf 86' lang='lat' dir='ltr'>secreto,</span> <span class='ocrx_word' id='word_1_259' title='bbox 812 2704 956 2788; x_wconf 86' lang='lat' dir='ltr'>quaenam</span> <span class='ocrx_word' id='word_1_260' title='bbox 971 2707 1044 2768; x_wconf 90' lang='lat' dir='ltr'>baec</span> <span class='ocrx_word' id='word_1_261' title='bbox 1060 2724 1108 2767; x_wconf 86' lang='lat' dir='ltr'>res</span> 
     </span>
    </p>

    <p class='ocr_par' dir='ltr' id='par_1_11' title="bbox 121 2791 1108 3206">
     <span class='ocr_line' id='line_1_31' title="bbox 121 2791 1108 2870; baseline -0.001 -20"><span class='ocrx_word' id='word_1_262' title='bbox 121 2803 137 2850; x_wconf 78' lang='lat'>2</span> <span class='ocrx_word' id='word_1_263' title='bbox 154 2795 192 2853; x_wconf 90' lang='lat' dir='ltr'>sit</span> <span class='ocrx_word' id='word_1_264' title='bbox 206 2798 256 2852; x_wconf 89' lang='lat' dir='ltr'>aut</span> <span class='ocrx_word' id='word_1_265' title='bbox 270 2810 328 2870; x_wconf 91' lang='lat' dir='ltr'>quo</span> <span class='ocrx_word' id='word_1_266' title='bbox 344 2799 407 2852; x_wconf 88' lang='lat' dir='ltr'>acta</span> <span class='ocrx_word' id='word_1_267' title='bbox 424 2809 522 2861; x_wconf 91' lang='lat' dir='ltr'>more,</span> <span class='ocrx_word' id='word_1_268' title='bbox 539 2798 738 2870; x_wconf 89' lang='lat' dir='ltr'>percontatur.</span> <span class='ocrx_word' id='word_1_269' title='bbox 769 2791 883 2853; x_wconf 83' lang='lat' dir='ltr'>Tullius</span> <span class='ocrx_word' id='word_1_270' title='bbox 894 2805 1001 2869; x_wconf 82' lang='lat' dir='ltr'>magno</span> <span class='ocrx_word' id='word_1_271' title='bbox 1017 2806 1108 2868; x_wconf 88' lang='lat' dir='ltr'>opere</span> 
     </span>
     <span class='ocr_line' id='line_1_32' title="bbox 152 2874 1108 2955; baseline -0.004 -18"><span class='ocrx_word' id='word_1_272' title='bbox 152 2896 167 2938; x_wconf 90' lang='lat' dir='ltr'>a</span> <span class='ocrx_word' id='word_1_273' title='bbox 182 2876 324 2935; x_wconf 89' lang='lat' dir='ltr'>dictatore</span> <span class='ocrx_word' id='word_1_274' title='bbox 338 2882 455 2953; x_wconf 85' lang='lat' dir='ltr'>petere,</span> <span class='ocrx_word' id='word_1_275' title='bbox 470 2893 554 2935; x_wconf 90' lang='lat' dir='ltr'>nese</span> <span class='ocrx_word' id='word_1_276' title='bbox 569 2874 690 2935; x_wconf 88' lang='lat' dir='ltr'>oblitum</span> <span class='ocrx_word' id='word_1_277' title='bbox 706 2874 877 2955; x_wconf 89' lang='lat' dir='ltr'>disciplinae</span> <span class='ocrx_word' id='word_1_278' title='bbox 899 2874 1045 2945; x_wconf 85' lang='lat' dir='ltr'>militaris,</span> <span class='ocrx_word' id='word_1_279' title='bbox 1070 2891 1108 2934; x_wconf 91' lang='lat' dir='ltr'>ne</span> 
     </span>
     <span class='ocr_line' id='line_1_33' title="bbox 152 2956 1108 3037; baseline -0.005 -15"><span class='ocrx_word' id='word_1_280' title='bbox 152 2961 197 3022; x_wconf 92' lang='lat' dir='ltr'>sui</span> <span class='ocrx_word' id='word_1_281' title='bbox 229 2977 302 3018; x_wconf 87' lang='lat' dir='ltr'>nere</span> <span class='ocrx_word' id='word_1_282' title='bbox 328 2959 534 3037; x_wconf 88' lang='lat' dir='ltr'>imperatoriae</span> <span class='ocrx_word' id='word_1_283' title='bbox 559 2960 717 3020; x_wconf 87' lang='lat' dir='ltr'>maiestatis</span> <span class='ocrx_word' id='word_1_284' title='bbox 746 2960 895 3020; x_wconf 86' lang='lat' dir='ltr'>crederet:</span> <span class='ocrx_word' id='word_1_285' title='bbox 927 2956 1108 3020; x_wconf 89' lang='lat' dir='ltr'>multitudini</span> 
     </span>
     <span class='ocr_line' id='line_1_34' title="bbox 153 3040 1107 3120; baseline -0.003 -15"><span class='ocrx_word' id='word_1_286' title='bbox 153 3044 329 3111; x_wconf 83' lang='lat' dir='ltr'>concitatae,</span> <span class='ocrx_word' id='word_1_287' title='bbox 349 3060 423 3120; x_wconf 88' lang='lat' dir='ltr'>quae</span> <span class='ocrx_word' id='word_1_288' title='bbox 438 3041 531 3101; x_wconf 81' lang='lat' dir='ltr'>ferme</span> <span class='ocrx_word' id='word_1_289' title='bbox 551 3042 718 3103; x_wconf 90' lang='lat' dir='ltr'>auctoribus</span> <span class='ocrx_word' id='word_1_290' title='bbox 733 3041 839 3103; x_wconf 87' lang='lat' dir='ltr'>slmilis</span> <span class='ocrx_word' id='word_1_291' title='bbox 855 3049 946 3112; x_wconf 87' lang='lat' dir='ltr'>esset,</span> <span class='ocrx_word' id='word_1_292' title='bbox 964 3060 1024 3102; x_wconf 93' lang='lat' dir='ltr'>non</span> <span class='ocrx_word' id='word_1_293' title='bbox 1038 3040 1107 3102; x_wconf 91' lang='lat' dir='ltr'>sub·</span> 
     </span>
     <span class='ocr_line' id='line_1_35' title="bbox 152 3122 1107 3206; baseline -0.003 -17"><span class='ocrx_word' id='word_1_294' title='bbox 152 3130 275 3189; x_wconf 83' lang='lat' dir='ltr'>traxisse</span> <span class='ocrx_word' id='word_1_295' title='bbox 290 3145 322 3187; x_wconf 93' lang='lat' dir='ltr'>se</span> <span class='ocrx_word' id='word_1_296' title='bbox 339 3125 459 3194; x_wconf 88' lang='lat' dir='ltr'>ducem,</span> <span class='ocrx_word' id='word_1_297' title='bbox 477 3143 514 3184; x_wconf 93' lang='lat' dir='ltr'>ne</span> <span class='ocrx_word' id='word_1_298' title='bbox 529 3127 594 3203; x_wconf 92' lang='lat' dir='ltr'>quis</span> <span class='ocrx_word' id='word_1_299' title='bbox 610 3125 696 3197; x_wconf 89' lang='lat' dir='ltr'>alius,</span> <span class='ocrx_word' id='word_1_300' title='bbox 715 3126 809 3206; x_wconf 90' lang='lat' dir='ltr'>qualis</span> <span class='ocrx_word' id='word_1_301' title='bbox 824 3135 903 3187; x_wconf 84' lang='lat' dir='ltr'>mota</span> <span class='ocrx_word' id='word_1_302' title='bbox 919 3144 1021 3189; x_wconf 85' lang='lat' dir='ltr'>creare</span> <span class='ocrx_word' id='word_1_303' title='bbox 1033 3122 1107 3186; x_wconf 90' lang='lat' dir='ltr'>mul·</span> 
     </span>
    </p>

    <p class='ocr_par' dir='ltr' id='par_1_12' title="bbox 118 3208 1109 3540">
     <span class='ocr_line' id='line_1_36' title="bbox 118 3208 1109 3289; baseline -0.005 -18"><span class='ocrx_word' id='word_1_304' title='bbox 118 3217 136 3271; x_wconf 80' lang='lat' dir='ltr'>t</span> <span class='ocrx_word' id='word_1_305' title='bbox 151 3211 245 3273; x_wconf 88' lang='lat' dir='ltr'>titudo</span> <span class='ocrx_word' id='word_1_306' title='bbox 260 3208 381 3280; x_wconf 91' lang='lat' dir='ltr'>soleret,</span> <span class='ocrx_word' id='word_1_307' title='bbox 400 3211 546 3270; x_wconf 85' lang='lat' dir='ltr'>existeret.</span> <span class='ocrx_word' id='word_1_308' title='bbox 570 3227 637 3270; x_wconf 91' lang='lat' dir='ltr'>nam</span> <span class='ocrx_word' id='word_1_309' title='bbox 652 3228 683 3270; x_wconf 95' lang='lat' dir='ltr'>se</span> <span class='ocrx_word' id='word_1_310' title='bbox 698 3209 816 3289; x_wconf 89' lang='lat' dir='ltr'>quidem</span> <span class='ocrx_word' id='word_1_311' title='bbox 829 3208 973 3270; x_wconf 83' lang='lat' dir='ltr'>nihilnon</span> <span class='ocrx_word' id='word_1_312' title='bbox 985 3208 1109 3270; x_wconf 89' lang='lat' dir='ltr'>arbitrio</span> 
     </span>
     <span class='ocr_line' id='line_1_37' title="bbox 152 3292 1107 3372; baseline -0.002 -19"><span class='ocrx_word' id='word_1_313' title='bbox 152 3296 337 3372; x_wconf 86' lang='lat' dir='ltr'>imperatoris</span> <span class='ocrx_word' id='word_1_314' title='bbox 352 3301 499 3362; x_wconf 67' lang='lat' dir='ltr'>acturunn</span> <span class='ocrx_word' id='word_1_315' title='bbox 522 3292 564 3353; x_wconf 91' lang='lat' dir='ltr'>illi</span> <span class='ocrx_word' id='word_1_316' title='bbox 573 3298 700 3372; x_wconf 83' lang='lat' dir='ltr'>‘quoquc</span> <span class='ocrx_word' id='word_1_317' title='bbox 715 3301 812 3355; x_wconf 88' lang='lat' dir='ltr'>tamen</span> <span class='ocrx_word' id='word_1_318' title='bbox 828 3292 985 3353; x_wconf 88' lang='lat' dir='ltr'>ridendum</span> <span class='ocrx_word' id='word_1_319' title='bbox 1000 3308 1107 3370; x_wconf 84' lang='lat' dir='ltr'>magno</span> 
     </span>
     <span class='ocr_line' id='line_1_38' title="bbox 153 3374 1107 3456; baseline -0.003 -19"><span class='ocrx_word' id='word_1_320' title='bbox 153 3394 243 3454; x_wconf 91' lang='lat' dir='ltr'>opere</span> <span class='ocrx_word' id='word_1_321' title='bbox 263 3394 340 3448; x_wconf 90' lang='lat' dir='ltr'>esso,</span> <span class='ocrx_word' id='word_1_322' title='bbox 367 3385 398 3438; x_wconf 93' lang='lat' dir='ltr'>ut</span> <span class='ocrx_word' id='word_1_323' title='bbox 420 3378 580 3438; x_wconf 82' lang='lat' dir='ltr'>exereitum</span> <span class='ocrx_word' id='word_1_324' title='bbox 602 3379 632 3436; x_wconf 90' lang='lat' dir='ltr'>in</span> <span class='ocrx_word' id='word_1_325' title='bbox 660 3385 803 3456; x_wconf 86' lang='lat' dir='ltr'>potestate</span> <span class='ocrx_word' id='word_1_326' title='bbox 826 3375 959 3438; x_wconf 89' lang='lat' dir='ltr'>baberet.</span> <span class='ocrx_word' id='word_1_327' title='bbox 997 3374 1107 3436; x_wconf 85' lang='lat' dir='ltr'>dilierri</span> 
     </span>
     <span class='ocr_line' id='line_1_39' title="bbox 153 3458 1108 3540; baseline 0 -20"><span class='ocrx_word' id='word_1_328' title='bbox 153 3477 214 3520; x_wconf 92' lang='lat' dir='ltr'>non</span> <span class='ocrx_word' id='word_1_329' title='bbox 236 3477 322 3536; x_wconf 83' lang='lat' dir='ltr'>posse</span> <span class='ocrx_word' id='word_1_330' title='bbox 342 3462 414 3522; x_wconf 91' lang='lat' dir='ltr'>adeo</span> <span class='ocrx_word' id='word_1_331' title='bbox 438 3461 598 3521; x_wconf 88' lang='lat' dir='ltr'>concitatos</span> <span class='ocrx_word' id='word_1_332' title='bbox 620 3462 747 3530; x_wconf 79' lang='lat' dir='ltr'>animos:</span> <span class='ocrx_word' id='word_1_333' title='bbox 778 3463 857 3540; x_wconf 88' lang='lat' dir='ltr'>ipsos</span> <span class='ocrx_word' id='word_1_334' title='bbox 877 3459 934 3520; x_wconf 90' lang='lat' dir='ltr'>sibi</span> <span class='ocrx_word' id='word_1_335' title='bbox 954 3458 1051 3520; x_wconf 87' lang='lat' dir='ltr'>locum</span> <span class='ocrx_word' id='word_1_336' title='bbox 1073 3475 1108 3520; x_wconf 87' lang='lat' dir='ltr'>ac</span> 
     </span>
    </p>
   </div>
   <div class='ocr_carea' id='block_1_3' title="bbox 0 0 1276 3938">
    <p class='ocr_par' dir='ltr' id='par_1_13' title="bbox 0 0 1276 3938">
     <span class='ocr_line' id='line_1_40' title="bbox 0 0 1276 3938; baseline 0 0"><span class='ocrx_word' id='word_1_337' title='bbox 0 0 1276 3938; x_wconf 95' lang='lat' dir='ltr'> </span> 
     </span>
    </p>
   </div>
  </div>
 </body>
</html>
