2532 3938
310 175 405 234 Linus
415 192 470 232 vn.
488 191 557 234 ose.
572 181 617 235 at.
632 180 675 236 ab.
689 171 728 255 [a.
742 175 777 236 C.
792 181 853 238 350,
867 176 929 256 349]
1060 184 1102 248 25

145 339 264 402 riendus
279 347 329 401 aut
344 337 457 406 dandus
472 346 516 400 est
530 341 658 418 sanguis.
691 339 862 419 propulistis
879 361 895 404 a
911 347 1030 416 castris,
1052 364 1101 408 su·

144 427 212 505 pina
228 422 304 483 valle
318 424 496 502 praecipites
520 424 636 498 egistis,
657 425 756 484 stratis
776 426 951 505 corporibus
973 429 1100 492 hostium

142 509 330 587 superstetis3
353 506 498 585 complete
515 505 617 568 eadem
639 519 739 586 strage
759 525 892 588 campos,
914 530 972 590 qua
993 516 1102 575 montis

142 590 286 670 replestis.
313 589 403 650 nolite
418 598 589 668 expectare,
614 591 684 652 dum
704 598 815 652 stantes
828 611 879 653 vos
904 593 1030 672 lugiant;
1055 599 1136 657 imo

141 675 264 734 ferenda
279 682 348 734 sunt
362 675 454 751 signa,
474 685 503 734 et
514 675 678 736 vadendum
692 677 723 735 in
738 676 885 736 hostem.“
906 677 951 738 his
965 678 1102 742 adhorta·
1117 689 1133 738 7

24 825 33 832 ,
141 758 271 819 tionibus
286 759 393 818 iterum
409 760 502 818 coorti
518 757 632 836 pellunt
646 757 712 819 loco
726 761 837 837 primos
852 760 1017 839 manipulos
1033 762 1101 823 Gal-

140 840 256 910 lorum,
280 843 382 901 cuneis
410 839 517 902 deinde
545 843 576 902 in
601 841 732 904 medium
764 860 869 921 agmen
896 853 1101 924 perrumpunt.

140 924 211 984 inde
225 924 345 984 barbari
362 925 507 1005 dissipati,
527 925 633 1004 quibus
644 943 700 986 nec
711 935 794 987 certa
807 928 932 1005 imperia
944 946 999 989 nec
1011 929 1102 990 duces
1115 935 1134 988 8

143 1015 254 1076 essent,
277 1015 396 1069 vertunt
417 1010 560 1087 impetum
573 1011 603 1068 in
619 1028 702 1079 suos;
722 1009 843 1090 ,lusique
860 1029 914 1089 per
938 1030 1057 1090 campos
1073 1021 1103 1074 et

141 1091 1102 1173 praetercastraetiamsuafugapraelati,qnodeditissimuminter

141 1174 279 1254 aequales
291 1175 600 1238 tumulosoccurrebat
611 1176 711 1248 oculis,
727 1196 825 1238 arcem
832 1178 974 1240 Albanam
987 1187 1101 1260 petunt

141 1257 245 1320 consul
259 1278 319 1320 non
333 1259 411 1320 ultra
423 1268 518 1322 castra
533 1262 698 1330 insecutus,
715 1263 782 1340 quia
799 1269 828 1320 et
842 1261 946 1322 vulnus
961 1262 1101 1340 degrava-
1116 1272 1133 1324 9

140 1341 193 1404 bat
205 1350 235 1403 et
248 1343 383 1404 subicere
400 1345 563 1404 exercitum
573 1343 694 1404 tumulis
706 1343 742 1403 ab
757 1343 842 1404 hoste
854 1347 1004 1423 occupatis
1019 1345 1101 1406 nole·

140 1425 205 1497 bat,
217 1424 328 1506 praeda
339 1429 420 1488 omni
432 1434 596 1488 castrorum
611 1426 696 1486 militi
708 1427 774 1487 data
785 1428 927 1488 victorem
940 1431 1102 1490 exercitum

141 1509 373 1590 opulentumque
398 1510 517 1572 Gallicis
541 1509 643 1590 spoliis
665 1512 789 1572 Romam
817 1511 943 1572 reduxit.
984 1529 1099 1573 moram
1111 1518 1149 1595 lt}

142 1595 292 1675 triumpho
304 1594 409 1654 uulnus
427 1594 557 1656 consulis
568 1594 678 1665 attulit,
696 1595 857 1674 eademque
874 1613 962 1656 causa
978 1595 1101 1656 dictato·

141 1680 184 1739 ris
196 1677 374 1739 desiderium
390 1680 505 1740 senatui
516 1679 600 1749 lecit,
618 1685 651 1739 ut
665 1687 743 1740 esset
755 1681 807 1758 qui
822 1680 918 1757 aegris
930 1679 1101 1740 consulibus

141 1763 261 1823 comitia
278 1761 411 1823 haberet.
451 1761 577 1824 dictator
594 1764 627 1823 L.
644 1763 750 1824 Furius
772 1762 910 1825 Camillus
926 1763 1022 1824 dictus
1048 1764 1099 1824 ad·
1110 1768 1142 1821 ll

141 1844 202 1906 dito
219 1847 360 1923 magistro
371 1848 501 1926 equitum
515 1847 547 1908 P.
565 1847 701 1908 Cornelio
714 1847 852 1926 Scipione
867 1846 997 1908 reddidit
1010 1850 1102 1927 patri·

141 1928 197 1990 bus
212 1931 428 2010 possessionem
446 1932 601 2008 pristinam
617 1929 795 1992 consulatus.
833 1931 897 2009 ipse
914 1929 951 1990 ob
967 1931 996 1990 id
1011 1933 1102 1991 meri-

139 2020 204 2074 tum
226 2015 339 2092 ingenti
360 2022 478 2094 patrum
498 2013 595 2076 studio
617 2021 735 2076 creatus
757 2012 861 2074 consul
882 2012 1027 2091 collegam
1046 2015 1100 2094 Ap.

141 2095 295 2159 Claudium
313 2097 450 2158 Crassum
467 2096 548 2160 dixit.
1200 2107 1202 2111 '

203 2181 288 2242 XXV.
318 2181 492 2260 Priusquam
509 2183 619 2242 inirent
640 2183 708 2242 novi
728 2179 865 2240 eonsules
887 2180 1128 2257 magistratuml

142 2265 309 2344 triumphus
330 2283 346 2325 a
361 2264 476 2344 Popilio
494 2265 531 2324 de
550 2263 639 2326 Gallis
656 2271 740 2325 actus
755 2279 863 2339 magno
884 2261 983 2322 lavore
996 2262 1100 2340 plebis,

141 2356 365 2427 mussantesque
380 2351 460 2409 inter
474 2367 506 2408 se
521 2348 704 2426 rogitabant,
723 2364 794 2406 num
813 2363 901 2424 quem
916 2343 1015 2425 plebei
1031 2363 1101 2406 con·

141 2431 213 2494 sulis
227 2436 400 2512 paeniteret.
433 2431 520 2493 simul
535 2432 709 2494 dictatorem
729 2427 936 2508 increpabant,
957 2430 1008 2508 qui
1029 2427 1134 2508 legisa

141 2516 272 2578 Liciniae
283 2525 400 2596 spretae
411 2517 579 2594 mercedem
594 2511 808 2600 [consulatum]
820 2512 932 2592 privata
943 2512 1102 2592 cupiditate

142 2619 230 2679 wem
246 2600 365 2680 publica
384 2602 493 2661 iniuria
509 2600 672 2662 loediorem
687 2599 828 2678 cepisset,
848 2603 882 2656 ut
897 2597 1008 2676 seipse
1030 2613 1101 2657 con·

142 2682 236 2746 sulem
260 2684 385 2745 dictator
407 2693 532 2744 crearet.
566 2702 667 2756 ,annus
688 2680 788 2742 multis
807 2681 954 2760 variisque
973 2679 1133 2742 motibusb

142 2767 198 2830 tuit
211 2769 342 2847 insignis,
373 2767 448 2830 Galli
465 2785 501 2830 ex
514 2767 634 2830 Albanis
648 2765 813 2832 montibus,
835 2765 901 2843 quia
923 2763 1029 2827 hiemis
1043 2765 1100 2826 vnn

142 2853 204 2930 pati
218 2853 430 2931 nequiverant,
448 2869 502 2931 per
518 2869 637 2932 campos
652 2851 868 2929 maritumaque
883 2847 949 2909 loca
964 2849 1030 2928 vagi
1047 2867 1101 2927 po·

143 2933 336 3012 pulabantur;
370 2953 452 2996 mare
484 2936 625 2998 infestum
652 2932 795 2996 classibus
824 2933 1005 2996 Graecorum
1039 2939 1138 2993 erate
1235 2979 1238 2984 .

145 3033 255 3095 oraque
270 3016 364 3080 litoris
379 3021 502 3081 Antiatis
514 3021 703 3098 Laurensque
719 3025 831 3080 tractus
845 3023 875 3078 et
887 3016 1003 3078 Tiberis
1019 3017 1101 3085 ostia,

144 3107 177 3161 ut
191 3100 356 3180 praedones
370 3105 510 3165 maritimi
525 3123 593 3165 cum
607 3101 799 3164 terrestribus
814 3100 965 3177 congressi
981 3098 1101 3176 ancipiti

143 3181 237 3244 semel
251 3184 366 3264 proelio
381 3186 575 3258 decertarint,
595 3187 735 3266 dubiique
751 3181 941 3245 discesserint
960 3183 991 3241 in
1007 3178 1102 3241 castra

144 3265 235 3338 Galli,
253 3269 358 3330 Graeci
374 3277 456 3330 retro
472 3270 508 3331 ad
524 3288 626 3340 nares,
643 3271 736 3328 victos
759 3285 791 3328 se
810 3284 848 3326 an
870 3265 997 3350 victores
1017 3272 1101 3344 puta·

143 3360 221 3414 rent.
251 3355 330 3414 inter
341 3352 396 3414 hos
411 3351 499 3432 longe
513 3355 657 3414 maximus
673 3351 768 3412 extitit
782 3357 896 3419 terror,
912 3345 1036 3421 concilia
1050 3366 1102 3427 po·
1117 3355 1143 3406 ot

142 3434 281 3516 pulcrum
304 3436 479 3498 Latinorum
499 3435 655 3498 adluoum
676 3435 852 3496 Ferentinae
865 3429 964 3494 babitu
981 3449 1103 3514 respon·
1160 3516 1163 3524 γ
