2546 3936
325 187 330 203 ’
364 221 459 264 mna
475 221 518 264 rx.
535 220 604 264 oar.
620 209 661 260 43.
679 198 719 282 [c.
736 205 771 266 G.
789 201 852 286 abc]
1009 209 1071 274 tlt

107 371 267 435 confestim
283 387 366 431 amna
381 387 489 448 capere
507 368 594 429 iussis
614 368 781 450 raptimque
802 368 915 432 eductis
928 372 961 434 ln
977 371 1070 435 aciem

109 455 253 517 militibus
266 461 463 515 transversam
478 453 606 514 bostium
623 453 715 513 aciem
734 461 821 532 atquo
835 453 892 515 alio
910 459 1071 518 certamine

112 546 283 618 occupatam
300 537 424 607 invadit,
445 536 599 598 clamitans
618 553 765 598 summum
786 538 927 616 llagitium
946 541 1113 610 lore,si14

113 623 235 686 tltcrum
250 623 412 682 exercitum
430 621 583 700 utriusque
603 621 743 682 victoriae
763 630 920 702 conpotem
939 625 1072 685 sinerent

110 706 173 770 deri
187 723 243 766 nec
254 705 291 766 ad
306 723 339 766 se
360 706 407 766 sui
430 704 501 766 belli
520 704 703 766 vindicarent
718 705 818 766 decus.
856 725 913 785 qua
926 707 1068 785 impetum
1080 716 1113 768 15

109 790 234 851 dederat
242 791 418 869 perrumpit,
430 791 582 867 aciemque
591 789 780 868 permediam
791 790 821 849 in
834 799 929 851 castra
941 791 1069 854 hostium

111 874 204 934 tendit
218 881 249 933 et
268 891 357 933 vacua
379 872 583 933 defensoribus
604 874 682 950 capit
703 881 791 952 atque
812 874 953 935 incendit.
993 893 1068 956 quae
1081 882 1115 936 tc

110 957 158 1019 ubi
183 957 338 1036 llagrantia
362 955 529 1018 llarcianus
551 955 638 1016 miles
666 957 819 1036 conspexit
841 965 871 1018 ct
897 957 998 1019 hostes
1022 977 1070 1019 rc·

109 1055 246 1120 spexere,
272 1047 335 1100 tum
354 1042 464 1119 passim
488 1040 557 1119 iuga
578 1048 684 1119 coepta
709 1043 884 1102 Samnitium
908 1041 989 1112 fieri;
1018 1040 1071 1104 sed

110 1126 208 1184 omnia
228 1121 342 1184 obtinet
366 1123 486 1195 caedes,
511 1125 614 1184 necin
628 1124 720 1186 ullam
741 1134 856 1204 partem
881 1134 977 1188 tutum
1000 1145 1070 1206 per·

109 1208 223 1286 lugium
245 1214 299 1268 est.
334 1208 393 1268 lam
416 1208 534 1286 triginta
556 1206 675 1269 milibus
698 1208 826 1268 hostium
844 1212 937 1271 caesis
952 1211 1069 1286 signum
1080 1217 1111 1269 17

109 1292 244 1370 receptui
258 1291 395 1351 consules
406 1290 565 1360 dederant,
580 1290 816 1370 colligebantque
826 1294 856 1352 in
867 1310 959 1353 unum
971 1295 1070 1372 copias

109 1375 233 1440 invicem
258 1375 337 1434 inter
360 1392 393 1434 se
418 1381 581 1452 gratantes,
616 1393 684 1435 cum
711 1384 835 1453 repente
860 1377 939 1436 visae
966 1375 1070 1454 procul

107 1457 236 1520 bostium
252 1474 345 1517 norae
365 1457 519 1528 cohortes,
542 1459 667 1538 quaein
686 1457 925 1538 supplementum
941 1459 1070 1537 scriptae

106 1541 240 1611 inerant,
255 1541 442 1618 integravere
455 1541 587 1603 caedem.
615 1543 647 1602 in
661 1551 734 1621 quas
748 1559 804 1602 nec
819 1542 900 1604 iussu
915 1541 1068 1604 consulum
1079 1550 1113 1603 10

107 1643 165 1686 nec
180 1627 265 1702 siguo
282 1633 404 1704 accepto
422 1625 546 1685 victores
561 1625 684 1696 vadunt,
699 1623 776 1686 malo
790 1627 929 1688 tirocinio
943 1625 1068 1688 inbuen-

108 1708 178 1769 dum
196 1709 357 1770 Samnitem
373 1707 564 1770 clamitantes.
593 1709 748 1790 indulgent
762 1711 898 1772 consules
918 1711 1113 1791 legionumltt

107 1792 221 1863 ardori,
235 1800 270 1852 ut
286 1794 336 1872 qui
350 1792 444 1872 probe
458 1794 570 1854 scirent
585 1811 692 1855 novum
707 1794 830 1855 militem
845 1796 974 1857 bostium
990 1798 1068 1855 lnter

104 1875 260 1956 perculsos
276 1877 345 1954 iuga
360 1884 514 1937 veteranos
529 1895 567 1937 no
584 1878 754 1956 temptando
772 1878 891 1958 quidem
912 1879 982 1939 satis
1000 1895 1066 1940 cer·

105 1961 211 2022 lamini
232 1961 306 2020 iore.
341 1978 398 2021 nec
419 1978 470 2021 eos
495 1963 595 2040 opinio
618 1961 735 2022 ielellit:
772 1979 875 2022 omnes
893 1963 1067 2024 Samnitium
1077 1969 1113 2020 20

106 2046 226 2124 copiae,
243 2051 360 2106 veteres
374 2061 541 2125 novaeque,
557 2053 673 2106 montes
687 2047 840 2125 proximos
854 2046 924 2124 luga
939 2047 1067 2123 capiunt.

107 2145 142 2188 co
159 2135 190 2189 et
203 2127 336 2189 Romana
352 2130 476 2206 erigitur
490 2129 581 2198 acies,
601 2147 658 2188 nec
680 2131 836 2208 quicquam
847 2131 923 2190 satis
941 2131 997 2190 tuti
1011 2127 1068 2189 loci

105 2213 192 2273 victis
206 2219 260 2272 est.
289 2219 319 2272 et
334 2211 371 2272 de
385 2213 476 2290 iugis,
495 2229 570 2291 quae
586 2221 740 2290 ceperant,
756 2212 934 2285 funduntur,
950 2215 1067 2291 lamque

105 2313 167 2356 una
187 2311 258 2356 voce
283 2313 386 2356 omnes
411 2313 514 2375 pacem
541 2295 690 2374 petebant.
737 2302 799 2356 tum
819 2297 908 2356 trium
930 2313 1065 2356 mensum
1076 2302 1108 2352 21

106 2379 257 2440 frumento
270 2381 415 2458 imperato
431 2387 461 2440 et
481 2397 578 2439 annuo
594 2378 740 2458 stipendio
756 2396 790 2439 ac
806 2377 928 2456 singulis
944 2381 974 2438 in
990 2377 1066 2438 mili·

106 2470 169 2525 tem
184 2464 292 2524 tunicis
313 2463 349 2522 ad
370 2472 505 2524 senatum
525 2464 607 2543 pacis
632 2472 765 2524 oratores
784 2463 876 2524 missi.
913 2461 1066 2525 Cornelius
1077 2471 1110 2519 22

106 2548 138 2608 ln
154 2548 275 2608 Samnio
295 2545 431 2616 relictus:
458 2547 586 2608 llarcius
611 2547 648 2607 de
669 2546 804 2608 llernicis
827 2547 1013 2626 triumphans
1035 2546 1067 2604 in

106 2630 213 2692 urbem
224 2630 326 2701 rediit,
341 2639 493 2712 statuaque
508 2633 652 2711 equestris
666 2632 697 2690 in
711 2631 777 2691 loro
793 2630 912 2692 decreta
924 2637 976 2700 est,
991 2645 1067 2709 qnae

107 2721 176 2776 ante
192 2712 334 2792 templum
349 2715 477 2776 Castoris
491 2719 587 2795 posita
608 2722 661 2776 est.
693 2715 891 2774 llernicorum
906 2714 1000 2775 tribus
1013 2732 1066 2793 po·
1075 2718 1109 2769 23

105 2797 184 2878 pulis
194 2797 347 2859 Aletrinati
357 2798 503 2860 Verulano
516 2799 705 2869 l'erenu'nati,
721 2800 789 2879 qula
799 2797 966 2862 maluerunt
978 2815 1066 2878 quam

108 2884 270 2952 civitatem,
288 2900 359 2944 suae
378 2881 458 2963 leges
473 2884 619 2956 redditae,
640 2883 866 2964 conubiumque·
878 2885 957 2944 inter
976 2885 1065 2962 ipsos,
1148 2946 1154 2952 ,

107 2965 186 3045 quod
202 2965 380 3046 aliquamdiu
395 2968 450 3028 soli
464 2969 659 3030 llernicorum
678 2969 861 3039 habuerunt,
878 2969 1065 3048 permissum.

107 3049 396 3130 Anagninisquique
419 3071 501 3114 arma
522 3055 663 3114 Romanis
688 3052 850 3113 intulerant
876 3054 976 3111 civitas
1000 3051 1108 3108 sinent

107 3132 373 3212 suffragii-latione
399 3135 481 3207 data,
512 3135 635 3196 concilia
664 3136 848 3213 conubiaque
873 3135 1008 3208 adempta
1036 3137 1066 3191 et

107 3217 326 3298 magistratibus
332 3226 538 3298 praeterquam
546 3237 697 3279 sacrorum
710 3217 1065 3277 curationeinterdictum.

170 3302 283 3364 Eodem
298 3320 376 3363 anno
391 3303 478 3363 aedes
493 3302 599 3363 Salutis
616 3320 633 3361 a
648 3301 678 3363 C.
694 3300 776 3360 lunio
795 3298 925 3360 Bubulco
941 3314 1063 3359 censore
1074 3303 1109 3354 2⁵

108 3383 203 3446 locata
230 3393 290 3455 est,
316 3403 404 3464 quana
430 3386 533 3448 consul
559 3384 636 3446 bello
666 3383 839 3446 Samnitium
864 3391 990 3444 voverat.
1029 3381 1065 3444 ab

107 3469 213 3531 codem
228 3467 399 3548 collegaque
422 3472 486 3532 eins
497 3470 537 3531 lt.
552 3470 668 3532 Valerio
682 3469 808 3530 llarimo
827 3467 891 3527 viae
912 3485 1067 3548 peragras
