2542 3956
226 237 287 302 308
364 251 459 292 snas
472 219 550 302 uir.
566 247 633 290 oar.
648 233 693 288 aa.
707 232 751 286 aa.
766 231 810 286 aa
829 221 868 304 [a.
886 245 918 284 u.
934 245 961 284 e.
975 219 1037 303 esa]

227 401 319 470 Busa,
336 416 444 476 genere
462 395 540 458 clara
553 413 587 456 ac
602 395 723 463 divitiis,
741 390 896 451 moenibus
911 397 1023 449 tantum
1038 389 1195 466 tectisque

226 502 243 543 a
265 483 417 544 Canusinis
437 487 580 558 acceptos,
598 479 746 540 frumento
769 483 848 534 veste
864 474 969 532 viatico
991 473 1081 532 etiam
1103 473 1190 542 iuvit,

225 585 280 644 pro
299 585 357 645 qua
377 568 405 626 ei
424 563 623 626 munificentia
645 567 746 639 postea
765 556 844 618 bello
864 556 997 635 perlecto
1020 555 1057 615 ab
1080 564 1191 615 senatu

198 651 353 712 thonores
368 648 460 710 habiti
475 653 552 708 sunt.
590 644 662 706 Llll.
696 643 831 705 Ceterum
848 658 914 701 cum
925 639 966 698 ihi
982 638 1092 700 tribuni
1109 639 1190 699 mili-

197 744 287 796 tium
302 742 439 812 quattuor
461 737 572 799 essent,
594 727 702 790 Fabius
723 726 866 787 Maximus
887 723 924 783 de
939 723 1056 800 legione
1077 724 1187 801 prima,

227 818 310 894 cipius
324 825 408 895 pater
423 817 525 894 priore
542 831 619 874 anno
635 812 759 871 dictator
775 809 886 876 iuerat,
906 813 937 866 et
956 806 993 866 de
1006 805 1127 884 legione
1143 824 1187 868 se·

202 901 322 962 ·cunda
340 901 373 961 L.
388 898 536 961 Publicius
551 895 672 956 Bibulus
695 904 725 954 et
742 894 774 954 P.
796 890 950 953 Cornelius
976 890 1077 968 Scipio
1097 897 1131 950 et
1153 891 1186 950 de

198 983 341 1062 ategione
356 985 441 1044 tertia
461 985 515 1058 Ap.
535 978 671 1042 Claudius
694 975 836 1045 Pulcher,
858 976 908 1054 qui
928 975 1064 1054 proxime
1084 973 1186 1033 aedilis

225 1068 335 1136 luerat,
352 1066 482 1126 omnium
494 1081 641 1124 consensu
652 1061 688 1122 ad
701 1061 735 1123 P.
750 1060 918 1138 Scipionem
928 1057 1087 1118 admodum
1103 1060 1187 1118 adu-

224 1154 384 1212 lescentem.
401 1150 487 1208 etad
507 1148 561 1226 Ap.
583 1145 736 1222 Claudium
751 1161 865 1204 summa
885 1142 991 1220 imperi
1006 1139 1103 1202 delata
1133 1150 1184 1200 est.

196 1232 331 1312 aquibus
345 1231 577 1293 consultantibus
597 1231 675 1291 inter
686 1245 796 1309 paucos
811 1227 848 1308 de
863 1243 976 1286 summa
990 1243 1093 1286 rernm
1110 1242 1185 1285 nun·

225 1319 279 1377 tiat
296 1317 329 1378 P.
351 1317 457 1378 Furius
481 1314 596 1384 Philus,
623 1309 786 1374 consularis
810 1311 865 1370 viri
888 1309 979 1379 iilius,
1004 1311 1183 1387 nequiquam

225 1418 277 1462 eos
298 1400 444 1480 perditam
470 1417 553 1478 spem
574 1398 688 1466 lovere;
712 1394 899 1472 desperatam
924 1392 1184 1472 conploratamque

196 1491 288 1546 brem
311 1502 375 1546 esse
399 1483 561 1563 publicam:
586 1479 700 1541 nobiles
726 1481 846 1540 iuvenes
872 1477 1029 1557 quosdam,
1058 1495 1183 1555 quemn

225 1569 390 1647 prinoipem
403 1568 437 1627 L.
451 1565 607 1629 Caecilium
619 1563 783 1634 Metellum,
797 1579 880 1622 mare
892 1580 927 1622 ac
937 1579 1026 1622 naves
1038 1569 1183 1638 spectare,

198 1657 259 1712 tut
282 1651 397 1711 deserta
420 1649 502 1710 ltalia
527 1648 564 1709 ad
577 1665 689 1726 ¹regum
717 1647 842 1726 aliquem
862 1645 1067 1724 transfugiant.
1106 1643 1183 1722 quod

225 1732 343 1803 malum,
359 1741 565 1812 praeterquam
582 1738 674 1800 atrox,
689 1748 779 1810 super
791 1737 835 1790 tot
849 1728 947 1790 clades
961 1730 1047 1788 etiam
1066 1746 1186 1802 novum;

224 1833 292 1876 cum
312 1824 433 1893 stupore
450 1832 484 1874 ac
498 1813 640 1875 miraculo
661 1814 793 1893 torpidos
814 1813 961 1875 defixisset
985 1815 1036 1892 qui
1051 1812 1181 1881 aderaut,

225 1909 254 1960 et
266 1899 420 1960 consilium
429 1897 630 1960 advocandum
641 1897 677 1958 de
685 1905 891 1967 cocenserent,
903 1903 992 1974 negat
1003 1895 1108 1956 oonsffi
1121 1913 1182 1955 ren

196 1991 288 2045 iesse
304 1983 403 2063 Scipio
418 1984 545 2052 iuvenis,
569 1980 664 2042 latalis
685 1980 745 2042 dux
767 1981 889 2042 huiusce
905 1979 984 2041 belli.
1016 1978 1182 2042 audendum

225 2077 312 2147 atque
324 2067 484 2146 agendum,
499 2084 561 2126 non
575 2064 800 2127 consultandum
813 2066 853 2126 ait
866 2066 899 2125 in
912 2070 994 2125 tanto
1008 2062 1088 2124 malo
1102 2081 1181 2124 esse:

224 2152 302 2210 irent
316 2168 417 2210 secum
434 2149 581 2228 extemplo
602 2150 723 2219 armati,
747 2149 882 2228 quirem
905 2146 1055 2229 publicam
1075 2146 1181 2207 salvam
1252 2163 1253 2168 ¹

196 2232 349 2304 evellent:
371 2231 452 2294 nulla
476 2235 588 2303 verius,
609 2251 698 2312 quam
719 2231 770 2292 ubi
791 2251 825 2292 ea
844 2234 1026 2310 cogitentur,
1054 2231 1181 2292 bostium

196 2323 320 2380 ecastra
335 2335 410 2379 esse.
447 2317 546 2397 pergit
568 2317 614 2376 ire
634 2315 825 2395 sequentibus
848 2318 949 2391 paucis
971 2317 1005 2376 in
1023 2315 1181 2394 hospitium

224 2400 333 2462 Metelli
347 2410 390 2470 et,
408 2419 475 2462 oum
489 2399 646 2462 concilium
656 2400 699 2460 ibi
714 2401 867 2470 iuvenum,
884 2399 1041 2478 dequibus
1053 2399 1181 2460 adlatum
1252 2453 1253 2480 ,

226 2492 303 2555 erat,
317 2483 489 2557 invenieset,
505 2485 608 2544 stricto
622 2501 711 2562 super
732 2484 826 2562 capita
839 2481 1066 2544 consultantium
1088 2482 1180 2562 gladio
1252 2481 1253 2543 l

184 2574 218 2625 10
227 2615 245 2640 „
254 2587 289 2630 ex
305 2569 364 2629 mei
386 2569 475 2628 ammi
488 2569 632 2628 sententia
642 2576 660 2600 ‘⁸
679 2568 788 2647 inquit,
811 2613 830 2638 „
837 2573 870 2626 ut
884 2584 939 2644 ego
956 2566 1180 2645 rempublicam

224 2651 327 2731 populi
338 2652 462 2712 Romani
474 2670 535 2713 nou
546 2651 690 2719 deseram,
707 2668 802 2730 neque
813 2650 903 2711 alium
913 2651 1007 2710 civem
1018 2649 1180 2712 Romanum
1252 2665 1253 2720 t

184 2739 214 2791 11
226 2735 364 2796 deserere
379 2737 489 2814 patiam
513 2736 539 2795 si
557 2736 654 2795 sciens
670 2734 754 2804 iallo,
782 2742 844 2795 tum
867 2752 916 2794 me
929 2733 1061 2812 luppiter
1074 2736 1180 2813 optime

226 2819 368 2887 maxime,
390 2818 518 2889 domum,
541 2817 683 2879 familiam
710 2836 833 2898 remque
854 2835 951 2879 meam
973 2818 1103 2897 pessimo
1124 2816 1179 2878 leto
1252 2817 1253 2826 ’

185 2907 217 2959 12
227 2900 353 2960 adiicias.
376 2900 406 2960 in
422 2900 496 2960 haec
510 2900 608 2969 verba,
624 2901 657 2961 L.
674 2901 796 2972 Caecili,
811 2904 892 2962 iures
907 2900 1023 2981 postulo
1034 2903 1179 2980 ceterique

148 3021 150 3026 ·
226 2985 276 3064 qui
287 2982 407 3052 adestis;
424 2984 548 3062 quinon
563 2985 714 3052 iuraverit,
733 2987 764 3046 in
776 3003 808 3046 se
818 2987 897 3046 hune
909 2985 1036 3063 gladium
1049 2988 1177 3046 strictum

185 3077 216 3127 13
228 3087 292 3130 esse
310 3070 412 3129 sciat.“
428 3065 518 3128 'haud
533 3085 618 3128 secus
632 3068 740 3146 pavidi,
765 3088 852 3148 quam
874 3071 899 3129 si
913 3071 1052 3132 victorem
1072 3067 1178 3131 llanni-

227 3153 324 3214 balem
347 3159 517 3222 cernerent,
546 3153 645 3213 iurant
672 3171 775 3214 omnes
802 3152 1066 3232 custodiendosque
1089 3159 1179 3215 semet

227 3237 306 3316 ipsos
321 3237 453 3315 Scipioni
469 3236 598 3297 tradunt.

203 3325 216 3374 i
291 3319 361 3380 LIV.
403 3321 445 3382 Eo
479 3327 626 3398 tempore,
658 3338 717 3399 quo
755 3319 829 3381 haec
862 3320 979 3382 Canusii
1011 3318 1177 3397 agebantur,

228 3403 384 3463 Venusiam
400 3404 436 3464 ad
449 3403 599 3465 consulem
617 3403 654 3463 ad
669 3412 807 3483 quattuor
820 3403 902 3464 milia
920 3414 951 3465 et
965 3405 1117 3482 quingenti
1129 3421 1177 3482 pe·

230 3484 305 3542 dites
321 3487 499 3566 equitesque,
516 3488 567 3567 qui
587 3489 682 3564 sparsi
702 3489 770 3566 fuga
788 3503 845 3568 per
861 3506 948 3566 agros
962 3488 1092 3558 lucrant,
1112 3505 1177 3567 per·
