<?xml version="1.0" encoding="UTF-8"?>
<!DOCTYPE html PUBLIC "-//W3C//DTD XHTML 1.0 Transitional//EN"
    "http://www.w3.org/TR/xhtml1/DTD/xhtml1-transitional.dtd">
<html xmlns="http://www.w3.org/1999/xhtml" xml:lang="en" lang="en">
 <head>
  <title>
</title>
<meta http-equiv="Content-Type" content="text/html;charset=utf-8" />
  <meta name='ocr-system' content='tesseract 3.04.00' />
  <meta name='ocr-capabilities' content='ocr_page ocr_carea ocr_par ocr_line ocrx_word'/>
</head>
<body>
  <div class='ocr_page' id='page_1' title='image "./aburbeconditali08livygoog_0375.png"; bbox 0 0 2538 3946; ppageno 0'>
   <div class='ocr_carea' id='block_1_1' title="bbox 316 199 1086 284">
    <p class='ocr_par' dir='ltr' id='par_1_1' title="bbox 316 199 1086 284">
     <span class='ocr_line' id='line_1_1' title="bbox 316 199 1086 284; baseline 0.001 -21"><span class='ocrx_word' id='word_1_1' title='bbox 316 220 410 263; x_wconf 79' lang='lat' dir='ltr'><strong>umen</strong></span> <span class='ocrx_word' id='word_1_2' title='bbox 427 219 490 261; x_wconf 78' lang='lat' dir='ltr'>xxx.</span> <span class='ocrx_word' id='word_1_3' title='bbox 507 219 576 262; x_wconf 79' lang='lat' dir='ltr'><strong>cnr.</strong></span> <span class='ocrx_word' id='word_1_4' title='bbox 592 207 636 261; x_wconf 82' lang='lat'><strong>37.</strong></span> <span class='ocrx_word' id='word_1_5' title='bbox 652 206 695 261; x_wconf 85' lang='lat'><strong>38.</strong></span> <span class='ocrx_word' id='word_1_6' title='bbox 713 199 753 282; x_wconf 78' lang='lat' dir='ltr'><strong>[a.</strong></span> <span class='ocrx_word' id='word_1_7' title='bbox 771 201 806 263; x_wconf 82' lang='lat'><strong>0.</strong></span> <span class='ocrx_word' id='word_1_8' title='bbox 821 200 882 284; x_wconf 78' lang='lat'><strong>218]</strong></span> <span class='ocrx_word' id='word_1_9' title='bbox 1023 207 1086 270; x_wconf 81' lang='grc'><strong>235</strong></span> 
     </span>
    </p>
   </div>
   <div class='ocr_carea' id='block_1_2' title="bbox 129 365 1132 3366">
    <p class='ocr_par' dir='ltr' id='par_1_2' title="bbox 129 365 1132 1865">
     <span class='ocr_line' id='line_1_2' title="bbox 192 365 1113 448; baseline -0.003 -18"><span class='ocrx_word' id='word_1_10' title='bbox 192 367 330 431; x_wconf 81' lang='lat' dir='ltr'><strong>XXXVII.</strong></span> <span class='ocrx_word' id='word_1_11' title='bbox 362 365 494 427; x_wconf 80' lang='lat' dir='ltr'><strong>Tandem</strong></span> <span class='ocrx_word' id='word_1_12' title='bbox 514 368 692 445; x_wconf 81' lang='lat' dir='ltr'><strong>nequiquam</strong></span> <span class='ocrx_word' id='word_1_13' title='bbox 716 368 853 428; x_wconf 89' lang='lat' dir='ltr'><strong>iumentis</strong></span> <span class='ocrx_word' id='word_1_14' title='bbox 879 375 966 448; x_wconf 87' lang='lat' dir='ltr'><strong>atquc</strong></span> <span class='ocrx_word' id='word_1_15' title='bbox 990 368 1113 430; x_wconf 89' lang='lat' dir='ltr'><strong>homi-1</strong></span> 
     </span>
     <span class='ocr_line' id='line_1_3' title="bbox 130 450 1087 535; baseline -0.004 -19"><span class='ocrx_word' id='word_1_16' title='bbox 130 453 218 516; x_wconf 87' lang='lat' dir='ltr'><strong>uibus</strong></span> <span class='ocrx_word' id='word_1_17' title='bbox 244 451 370 530; x_wconf 75' lang='lat' dir='ltr'><strong>fatigatis</strong></span> <span class='ocrx_word' id='word_1_18' title='bbox 395 458 490 510; x_wconf 82' lang='lat' dir='ltr'><strong>castra</strong></span> <span class='ocrx_word' id='word_1_19' title='bbox 515 452 546 510; x_wconf 92' lang='lat' dir='ltr'><strong>in</strong></span> <span class='ocrx_word' id='word_1_20' title='bbox 571 450 640 535; x_wconf 74' lang='lat' dir='ltr'><strong>iugo</strong></span> <span class='ocrx_word' id='word_1_21' title='bbox 664 450 773 529; x_wconf 90' lang='lat' dir='ltr'><strong>posita,</strong></span> <span class='ocrx_word' id='word_1_22' title='bbox 804 454 968 530; x_wconf 77' lang='lat' dir='ltr'><strong>aegerrimo</strong></span> <span class='ocrx_word' id='word_1_23' title='bbox 992 452 1028 513; x_wconf 89' lang='lat' dir='ltr'><strong>ad</strong></span> <span class='ocrx_word' id='word_1_24' title='bbox 1056 451 1087 512; x_wconf 93' lang='lat' dir='ltr'><strong>id</strong></span> 
     </span>
     <span class='ocr_line' id='line_1_4' title="bbox 129 534 1086 618; baseline -0.004 -18"><span class='ocrx_word' id='word_1_25' title='bbox 129 540 227 618; x_wconf 89' lang='lat' dir='ltr'><strong>ipsum</strong></span> <span class='ocrx_word' id='word_1_26' title='bbox 249 535 315 596; x_wconf 90' lang='lat' dir='ltr'><strong>loeo</strong></span> <span class='ocrx_word' id='word_1_27' title='bbox 332 539 473 614; x_wconf 79' lang='lat' dir='ltr'><strong>purgato:</strong></span> <span class='ocrx_word' id='word_1_28' title='bbox 497 540 611 594; x_wconf 89' lang='lat' dir='ltr'><strong>tantum</strong></span> <span class='ocrx_word' id='word_1_29' title='bbox 632 534 707 595; x_wconf 86' lang='lat' dir='ltr'><strong>nivis</strong></span> <span class='ocrx_word' id='word_1_30' title='bbox 730 534 901 596; x_wconf 77' lang='lat' dir='ltr'><strong>fodiendum</strong></span> <span class='ocrx_word' id='word_1_31' title='bbox 917 543 1004 615; x_wconf 89' lang='lat' dir='ltr'><strong>atquc</strong></span> <span class='ocrx_word' id='word_1_32' title='bbox 1018 553 1086 614; x_wconf 75' lang='lat' dir='ltr'><strong>ege·</strong></span> 
     </span>
     <span class='ocr_line' id='line_1_5' title="bbox 130 611 1117 699; baseline -0.006 -16"><span class='ocrx_word' id='word_1_33' title='bbox 130 621 257 683; x_wconf 88' lang='lat' dir='ltr'><strong>rendum</strong></span> <span class='ocrx_word' id='word_1_34' title='bbox 271 619 337 679; x_wconf 83' lang='lat' dir='ltr'><strong>luit.</strong></span> <span class='ocrx_word' id='word_1_35' title='bbox 361 616 431 677; x_wconf 86' lang='lat' dir='ltr'><strong>inde</strong></span> <span class='ocrx_word' id='word_1_36' title='bbox 444 616 481 678; x_wconf 93' lang='lat' dir='ltr'><strong>ad</strong></span> <span class='ocrx_word' id='word_1_37' title='bbox 493 611 597 697; x_wconf 57' lang='lat' dir='ltr'><strong>rupim</strong></span> <span class='ocrx_word' id='word_1_38' title='bbox 609 618 814 689; x_wconf 86' lang='lat' dir='ltr'><strong>muniendam,</strong></span> <span class='ocrx_word' id='word_1_39' title='bbox 831 637 886 698; x_wconf 85' lang='lat' dir='ltr'><strong>per</strong></span> <span class='ocrx_word' id='word_1_40' title='bbox 900 637 988 699; x_wconf 90' lang='lat' dir='ltr'><strong>quam</strong></span> <span class='ocrx_word' id='word_1_41' title='bbox 1000 629 1117 680; x_wconf 78' lang='lat' dir='ltr'><strong>anama</strong></span> 
     </span>
     <span class='ocr_line' id='line_1_6' title="bbox 129 699 1090 781; baseline -0.004 -15"><span class='ocrx_word' id='word_1_42' title='bbox 129 706 176 766; x_wconf 83' lang='lat' dir='ltr'><strong>ria</strong></span> <span class='ocrx_word' id='word_1_43' title='bbox 202 721 267 764; x_wconf 89' lang='lat' dir='ltr'><strong>asse</strong></span> <span class='ocrx_word' id='word_1_44' title='bbox 293 707 425 781; x_wconf 81' lang='lat' dir='ltr'><strong>poterat,</strong></span> <span class='ocrx_word' id='word_1_45' title='bbox 451 699 559 761; x_wconf 71' lang='lat' dir='ltr'><strong>auilites</strong></span> <span class='ocrx_word' id='word_1_46' title='bbox 588 701 682 772; x_wconf 88' lang='lat' dir='ltr'><strong>ducti,</strong></span> <span class='ocrx_word' id='word_1_47' title='bbox 708 719 775 763; x_wconf 75' lang='lat' dir='ltr'><strong>nrm</strong></span> <span class='ocrx_word' id='word_1_48' title='bbox 801 701 986 764; x_wconf 86' lang='lat' dir='ltr'><strong>caedendum</strong></span> <span class='ocrx_word' id='word_1_49' title='bbox 1012 711 1090 764; x_wconf 86' lang='lat' dir='ltr'><strong>esset</strong></span> 
     </span>
     <span class='ocr_line' id='line_1_7' title="bbox 130 783 1089 866; baseline -0.003 -17"><span class='ocrx_word' id='word_1_50' title='bbox 130 805 248 856; x_wconf 85' lang='lat' dir='ltr'><strong>saxum,</strong></span> <span class='ocrx_word' id='word_1_51' title='bbox 265 784 421 846; x_wconf 78' lang='lat' dir='ltr'><strong>arboribus</strong></span> <span class='ocrx_word' id='word_1_52' title='bbox 437 786 516 845; x_wconf 88' lang='lat' dir='ltr'><strong>circa</strong></span> <span class='ocrx_word' id='word_1_53' title='bbox 530 784 697 845; x_wconf 87' lang='lat' dir='ltr'><strong>inmanibus</strong></span> <span class='ocrx_word' id='word_1_54' title='bbox 712 783 833 846; x_wconf 84' lang='lat' dir='ltr'><strong>deiectis</strong></span> <span class='ocrx_word' id='word_1_55' title='bbox 850 786 1089 866; x_wconf 75' lang='lat' dir='ltr'><strong>detruncatisque</strong></span> 
     </span>
     <span class='ocr_line' id='line_1_8' title="bbox 131 867 1090 948; baseline -0.006 -14"><span class='ocrx_word' id='word_1_56' title='bbox 131 880 244 934; x_wconf 79' lang='lat' dir='ltr'><strong>struem</strong></span> <span class='ocrx_word' id='word_1_57' title='bbox 264 871 415 948; x_wconf 80' lang='lat' dir='ltr'><strong>ingentem</strong></span> <span class='ocrx_word' id='word_1_58' title='bbox 439 867 586 947; x_wconf 82' lang='lat' dir='ltr'><strong>lignorum</strong></span> <span class='ocrx_word' id='word_1_59' title='bbox 610 867 735 938; x_wconf 89' lang='lat' dir='ltr'><strong>iaciunt,</strong></span> <span class='ocrx_word' id='word_1_60' title='bbox 759 887 898 948; x_wconf 87' lang='lat' dir='ltr'><strong>eamque,</strong></span> <span class='ocrx_word' id='word_1_61' title='bbox 923 889 989 931; x_wconf 77' lang='lat' dir='ltr'><strong>eorm</strong></span> <span class='ocrx_word' id='word_1_62' title='bbox 1006 870 1090 930; x_wconf 84' lang='lat' dir='ltr'><strong>etvis</strong></span> 
     </span>
     <span class='ocr_line' id='line_1_9' title="bbox 130 952 1089 1032; baseline -0.003 -17"><span class='ocrx_word' id='word_1_63' title='bbox 130 955 211 1015; x_wconf 83' lang='lat' dir='ltr'><strong>venti</strong></span> <span class='ocrx_word' id='word_1_64' title='bbox 228 959 295 1032; x_wconf 90' lang='lat' dir='ltr'><strong>apta</strong></span> <span class='ocrx_word' id='word_1_65' title='bbox 312 952 447 1012; x_wconf 79' lang='lat' dir='ltr'><strong>iaciendo</strong></span> <span class='ocrx_word' id='word_1_66' title='bbox 461 953 524 1029; x_wconf 78' lang='lat' dir='ltr'><strong>igni</strong></span> <span class='ocrx_word' id='word_1_67' title='bbox 538 958 639 1012; x_wconf 90' lang='lat' dir='ltr'><strong>coorta</strong></span> <span class='ocrx_word' id='word_1_68' title='bbox 654 959 746 1021; x_wconf 89' lang='lat' dir='ltr'><strong>essct,</strong></span> <span class='ocrx_word' id='word_1_69' title='bbox 769 954 967 1025; x_wconf 88' lang='lat' dir='ltr'><strong>succendunt,</strong></span> <span class='ocrx_word' id='word_1_70' title='bbox 983 953 1089 1014; x_wconf 90' lang='lat' dir='ltr'><strong>arden-</strong></span> 
     </span>
     <span class='ocr_line' id='line_1_10' title="bbox 130 1035 1119 1118; baseline -0.003 -19"><span class='ocrx_word' id='word_1_71' title='bbox 130 1041 229 1118; x_wconf 87' lang='lat' dir='ltr'><strong>tiaque</strong></span> <span class='ocrx_word' id='word_1_72' title='bbox 241 1053 309 1097; x_wconf 81' lang='lat' dir='ltr'><strong>saxa</strong></span> <span class='ocrx_word' id='word_1_73' title='bbox 323 1035 510 1096; x_wconf 84' lang='lat' dir='ltr'><strong>inlusoaccto</strong></span> <span class='ocrx_word' id='word_1_74' title='bbox 518 1035 725 1114; x_wconf 85' lang='lat' dir='ltr'><strong>putrefaciunt.</strong></span> <span class='ocrx_word' id='word_1_75' title='bbox 748 1038 789 1097; x_wconf 89' lang='lat' dir='ltr'><strong>ita</strong></span> <span class='ocrx_word' id='word_1_76' title='bbox 801 1037 943 1099; x_wconf 88' lang='lat' dir='ltr'><strong>torridam</strong></span> <span class='ocrx_word' id='word_1_77' title='bbox 955 1037 1119 1098; x_wconf 81' lang='lat' dir='ltr'><strong>incendl03</strong></span> 
     </span>
     <span class='ocr_line' id='line_1_11' title="bbox 131 1117 1091 1202; baseline -0.005 -18"><span class='ocrx_word' id='word_1_78' title='bbox 131 1139 235 1202; x_wconf 87' lang='lat' dir='ltr'><strong>rupem</strong></span> <span class='ocrx_word' id='word_1_79' title='bbox 265 1119 346 1180; x_wconf 87' lang='lat' dir='ltr'><strong>lerro</strong></span> <span class='ocrx_word' id='word_1_80' title='bbox 368 1119 515 1198; x_wconf 87' lang='lat' dir='ltr'><strong>pandunt,</strong></span> <span class='ocrx_word' id='word_1_81' title='bbox 542 1117 736 1197; x_wconf 87' lang='lat' dir='ltr'><strong>molliuntque</strong></span> <span class='ocrx_word' id='word_1_82' title='bbox 761 1119 941 1182; x_wconf 87' lang='lat' dir='ltr'><strong>aniractibus</strong></span> <span class='ocrx_word' id='word_1_83' title='bbox 967 1121 1091 1180; x_wconf 90' lang='lat' dir='ltr'><strong>modicis</strong></span> 
     </span>
     <span class='ocr_line' id='line_1_12' title="bbox 132 1200 1092 1281; baseline -0.004 -15"><span class='ocrx_word' id='word_1_84' title='bbox 132 1205 237 1276; x_wconf 84' lang='lat' dir='ltr'><strong>clivos,</strong></span> <span class='ocrx_word' id='word_1_85' title='bbox 251 1212 285 1264; x_wconf 90' lang='lat' dir='ltr'><strong>ut</strong></span> <span class='ocrx_word' id='word_1_86' title='bbox 299 1221 359 1262; x_wconf 91' lang='lat' dir='ltr'><strong>non</strong></span> <span class='ocrx_word' id='word_1_87' title='bbox 376 1205 507 1263; x_wconf 87' lang='lat' dir='ltr'><strong>iumenta</strong></span> <span class='ocrx_word' id='word_1_88' title='bbox 524 1200 633 1271; x_wconf 81' lang='lat' dir='ltr'><strong>solum,</strong></span> <span class='ocrx_word' id='word_1_89' title='bbox 647 1201 700 1261; x_wconf 81' lang='lat' dir='ltr'><strong>sed</strong></span> <span class='ocrx_word' id='word_1_90' title='bbox 717 1201 866 1281; x_wconf 77' lang='lat' dir='ltr'>elephanti</span> <span class='ocrx_word' id='word_1_91' title='bbox 882 1206 969 1264; x_wconf 88' lang='lat' dir='ltr'><strong>etiarn</strong></span> <span class='ocrx_word' id='word_1_92' title='bbox 986 1203 1092 1264; x_wconf 91' lang='lat' dir='ltr'><strong>deduci</strong></span> 
     </span>
     <span class='ocr_line' id='line_1_13' title="bbox 130 1285 1119 1368; baseline -0.005 -19"><span class='ocrx_word' id='word_1_93' title='bbox 130 1297 261 1368; x_wconf 86' lang='lat' dir='ltr'><strong>possent.</strong></span> <span class='ocrx_word' id='word_1_94' title='bbox 293 1285 489 1364; x_wconf 79' lang='lat' dir='ltr'><strong>quadriduum</strong></span> <span class='ocrx_word' id='word_1_95' title='bbox 510 1286 588 1345; x_wconf 88' lang='lat' dir='ltr'><strong>circa</strong></span> <span class='ocrx_word' id='word_1_96' title='bbox 608 1303 712 1364; x_wconf 84' lang='lat' dir='ltr'><strong>rupem</strong></span> <span class='ocrx_word' id='word_1_97' title='bbox 728 1294 933 1366; x_wconf 89' lang='lat' dir='ltr'><strong>consumptum</strong></span> <span class='ocrx_word' id='word_1_98' title='bbox 953 1287 1119 1347; x_wconf 76' lang='lat' dir='ltr'><strong>lumentist</strong></span> 
     </span>
     <span class='ocr_line' id='line_1_14' title="bbox 130 1367 1132 1452; baseline -0.001 -22"><span class='ocrx_word' id='word_1_99' title='bbox 130 1388 225 1452; x_wconf 87' lang='lat' dir='ltr'><strong>prope</strong></span> <span class='ocrx_word' id='word_1_100' title='bbox 235 1371 315 1430; x_wconf 87' lang='lat' dir='ltr'><strong>lame</strong></span> <span class='ocrx_word' id='word_1_101' title='bbox 327 1367 504 1446; x_wconf 73' lang='lat' dir='ltr'><strong>absumptis:</strong></span> <span class='ocrx_word' id='word_1_102' title='bbox 517 1367 684 1428; x_wconf 86' lang='lat' dir='ltr'><strong>uadaenim</strong></span> <span class='ocrx_word' id='word_1_103' title='bbox 696 1368 917 1431; x_wconf 88' lang='lat' dir='ltr'><strong>ierecacumina</strong></span> <span class='ocrx_word' id='word_1_104' title='bbox 929 1377 1006 1440; x_wconf 87' lang='lat' dir='ltr'><strong>sunt,</strong></span> <span class='ocrx_word' id='word_1_105' title='bbox 1022 1371 1092 1440; x_wconf 80' lang='lat' dir='ltr'><strong>etsi</strong></span> <span class='ocrx_word' id='word_1_106' title='bbox 1124 1371 1132 1382; x_wconf 89' lang='lat'>&#39;</span> 
     </span>
     <span class='ocr_line' id='line_1_15' title="bbox 131 1449 1119 1534; baseline -0.007 -18"><span class='ocrx_word' id='word_1_107' title='bbox 131 1454 201 1534; x_wconf 93' lang='lat' dir='ltr'><strong>quid</strong></span> <span class='ocrx_word' id='word_1_108' title='bbox 219 1461 265 1514; x_wconf 88' lang='lat' dir='ltr'><strong>cst</strong></span> <span class='ocrx_word' id='word_1_109' title='bbox 273 1451 388 1531; x_wconf 91' lang='lat' dir='ltr'><strong>pabuli,</strong></span> <span class='ocrx_word' id='word_1_110' title='bbox 406 1449 536 1511; x_wconf 89' lang='lat' dir='ltr'><strong>obruunt</strong></span> <span class='ocrx_word' id='word_1_111' title='bbox 544 1452 635 1512; x_wconf 85' lang='lat' dir='ltr'><strong>nives.</strong></span> <span class='ocrx_word' id='word_1_112' title='bbox 663 1451 804 1513; x_wconf 88' lang='lat' dir='ltr'><strong>inferiora</strong></span> <span class='ocrx_word' id='word_1_113' title='bbox 818 1453 907 1514; x_wconf 84' lang='lat' dir='ltr'><strong>valles</strong></span> <span class='ocrx_word' id='word_1_114' title='bbox 921 1453 1119 1532; x_wconf 76' lang='lat' dir='ltr'><strong>apricosqueo</strong></span> 
     </span>
     <span class='ocr_line' id='line_1_16' title="bbox 131 1533 1091 1618; baseline -0.002 -21"><span class='ocrx_word' id='word_1_115' title='bbox 131 1537 278 1618; x_wconf 72' lang='lat' dir='ltr'><strong>quosdam*</strong></span> <span class='ocrx_word' id='word_1_116' title='bbox 289 1535 378 1596; x_wconf 84' lang='lat' dir='ltr'><strong>celles</strong></span> <span class='ocrx_word' id='word_1_117' title='bbox 388 1533 499 1594; x_wconf 82' lang='lat' dir='ltr'><strong>habant</strong></span> <span class='ocrx_word' id='word_1_118' title='bbox 509 1536 645 1614; x_wconf 86' lang='lat' dir='ltr'><strong>rivosque</strong></span> <span class='ocrx_word' id='word_1_119' title='bbox 655 1553 749 1615; x_wconf 90' lang='lat' dir='ltr'><strong>prope</strong></span> <span class='ocrx_word' id='word_1_120' title='bbox 761 1537 848 1598; x_wconf 88' lang='lat' dir='ltr'><strong>silvas</strong></span> <span class='ocrx_word' id='word_1_121' title='bbox 857 1538 951 1598; x_wconf 86' lang='lat' dir='ltr'><strong>etiam</strong></span> <span class='ocrx_word' id='word_1_122' title='bbox 962 1536 1091 1596; x_wconf 89' lang='lat' dir='ltr'><strong>humano</strong></span> 
     </span>
     <span class='ocr_line' id='line_1_17' title="bbox 132 1617 1120 1700; baseline -0.004 -18"><span class='ocrx_word' id='word_1_123' title='bbox 132 1620 212 1682; x_wconf 87' lang='lat' dir='ltr'><strong>cultu</strong></span> <span class='ocrx_word' id='word_1_124' title='bbox 226 1619 358 1698; x_wconf 82' lang='lat' dir='ltr'><strong>digniora</strong></span> <span class='ocrx_word' id='word_1_125' title='bbox 368 1617 443 1680; x_wconf 88' lang='lat' dir='ltr'><strong>loca.</strong></span> <span class='ocrx_word' id='word_1_126' title='bbox 465 1617 507 1678; x_wconf 89' lang='lat' dir='ltr'><strong>ibi</strong></span> <span class='ocrx_word' id='word_1_127' title='bbox 517 1619 646 1680; x_wconf 89' lang='lat' dir='ltr'><strong>iumento</strong></span> <span class='ocrx_word' id='word_1_128' title='bbox 659 1621 689 1678; x_wconf 89' lang='lat' dir='ltr'><strong>iu</strong></span> <span class='ocrx_word' id='word_1_129' title='bbox 700 1619 839 1698; x_wconf 86' lang='lat' dir='ltr'><strong>pabulum</strong></span> <span class='ocrx_word' id='word_1_130' title='bbox 854 1621 951 1691; x_wconf 87' lang='lat' dir='ltr'><strong>missa,</strong></span> <span class='ocrx_word' id='word_1_131' title='bbox 964 1627 991 1680; x_wconf 87' lang='lat' dir='ltr'><strong>ct</strong></span> <span class='ocrx_word' id='word_1_132' title='bbox 1006 1621 1089 1700; x_wconf 88' lang='lat' dir='ltr'><strong>quies</strong></span> <span class='ocrx_word' id='word_1_133' title='bbox 1103 1626 1120 1678; x_wconf 82' lang='lat' dir='ltr'><strong>t</strong></span> 
     </span>
     <span class='ocr_line' id='line_1_18' title="bbox 132 1701 1090 1783; baseline -0.006 -15"><span class='ocrx_word' id='word_1_134' title='bbox 132 1703 291 1768; x_wconf 90' lang='lat' dir='ltr'><strong>muniendo</strong></span> <span class='ocrx_word' id='word_1_135' title='bbox 309 1704 394 1764; x_wconf 81' lang='lat' dir='ltr'><strong>fessis</strong></span> <span class='ocrx_word' id='word_1_136' title='bbox 409 1701 579 1763; x_wconf 89' lang='lat' dir='ltr'><strong>bominibus</strong></span> <span class='ocrx_word' id='word_1_137' title='bbox 604 1702 679 1764; x_wconf 90' lang='lat' dir='ltr'><strong>data.</strong></span> <span class='ocrx_word' id='word_1_138' title='bbox 709 1704 807 1764; x_wconf 89' lang='lat' dir='ltr'><strong>triduo</strong></span> <span class='ocrx_word' id='word_1_139' title='bbox 824 1704 893 1764; x_wconf 91' lang='lat' dir='ltr'><strong>inde</strong></span> <span class='ocrx_word' id='word_1_140' title='bbox 913 1703 950 1764; x_wconf 91' lang='lat' dir='ltr'><strong>ad</strong></span> <span class='ocrx_word' id='word_1_141' title='bbox 971 1702 1090 1783; x_wconf 89' lang='lat' dir='ltr'><strong>planum</strong></span> 
     </span>
     <span class='ocr_line' id='line_1_19' title="bbox 131 1784 1090 1865; baseline -0.004 -15"><span class='ocrx_word' id='word_1_142' title='bbox 131 1789 305 1850; x_wconf 78' lang='lat' dir='ltr'><strong>descensum</strong></span> <span class='ocrx_word' id='word_1_143' title='bbox 317 1788 378 1847; x_wconf 90' lang='lat' dir='ltr'><strong>iam</strong></span> <span class='ocrx_word' id='word_1_144' title='bbox 394 1793 424 1846; x_wconf 90' lang='lat' dir='ltr'><strong>et</strong></span> <span class='ocrx_word' id='word_1_145' title='bbox 436 1784 509 1847; x_wconf 89' lang='lat' dir='ltr'><strong>locis</strong></span> <span class='ocrx_word' id='word_1_146' title='bbox 523 1785 708 1848; x_wconf 82' lang='lat' dir='ltr'><strong>mollioribus</strong></span> <span class='ocrx_word' id='word_1_147' title='bbox 723 1795 752 1848; x_wconf 91' lang='lat' dir='ltr'><strong>et</strong></span> <span class='ocrx_word' id='word_1_148' title='bbox 766 1787 933 1850; x_wconf 81' lang='lat' dir='ltr'><strong>areolarum</strong></span> <span class='ocrx_word' id='word_1_149' title='bbox 955 1787 1090 1865; x_wconf 81' lang='lat' dir='ltr'><strong>ingeniis.</strong></span> 
     </span>
    </p>

    <p class='ocr_par' dir='ltr' id='par_1_3' title="bbox 130 1869 1120 3366">
     <span class='ocr_line' id='line_1_20' title="bbox 194 1869 1118 1950; baseline -0.004 -18"><span class='ocrx_word' id='word_1_150' title='bbox 194 1869 349 1932; x_wconf 87' lang='lat' dir='ltr'><strong>XXXVlll.</strong></span> <span class='ocrx_word' id='word_1_151' title='bbox 388 1870 453 1930; x_wconf 86' lang='lat' dir='ltr'><strong>Hoc</strong></span> <span class='ocrx_word' id='word_1_152' title='bbox 476 1869 603 1930; x_wconf 80' lang='lat' dir='ltr'><strong>maxime</strong></span> <span class='ocrx_word' id='word_1_153' title='bbox 627 1869 716 1930; x_wconf 92' lang='lat' dir='ltr'><strong>modo</strong></span> <span class='ocrx_word' id='word_1_154' title='bbox 736 1872 767 1930; x_wconf 92' lang='lat' dir='ltr'><strong>in</strong></span> <span class='ocrx_word' id='word_1_155' title='bbox 787 1871 900 1931; x_wconf 88' lang='lat' dir='ltr'><strong>ltaliam</strong></span> <span class='ocrx_word' id='word_1_156' title='bbox 920 1877 1118 1950; x_wconf 84' lang='lat' dir='ltr'><strong>perventumi</strong></span> 
     </span>
     <span class='ocr_line' id='line_1_21' title="bbox 132 1952 1092 2034; baseline -0.003 -19"><span class='ocrx_word' id='word_1_157' title='bbox 132 1963 190 2025; x_wconf 87' lang='lat' dir='ltr'><strong>est,</strong></span> <span class='ocrx_word' id='word_1_158' title='bbox 206 1956 308 2034; x_wconf 89' lang='lat' dir='ltr'><strong>quinto</strong></span> <span class='ocrx_word' id='word_1_159' title='bbox 328 1970 430 2014; x_wconf 85' lang='lat' dir='ltr'><strong>mense</strong></span> <span class='ocrx_word' id='word_1_160' title='bbox 446 1969 463 2012; x_wconf 89' lang='lat' dir='ltr'><strong>a</strong></span> <span class='ocrx_word' id='word_1_161' title='bbox 477 1952 653 2030; x_wconf 79' lang='lat' dir='ltr'><strong>Cartbagine</strong></span> <span class='ocrx_word' id='word_1_162' title='bbox 669 1970 758 2022; x_wconf 90' lang='lat' dir='ltr'><strong>nova,</strong></span> <span class='ocrx_word' id='word_1_163' title='bbox 779 1959 812 2012; x_wconf 94' lang='lat' dir='ltr'><strong>ut</strong></span> <span class='ocrx_word' id='word_1_164' title='bbox 824 1953 942 2032; x_wconf 87' lang='lat' dir='ltr'><strong>quidam</strong></span> <span class='ocrx_word' id='word_1_165' title='bbox 957 1959 1092 2012; x_wconf 83' lang='lat' dir='ltr'><strong>auctores</strong></span> 
     </span>
     <span class='ocr_line' id='line_1_22' title="bbox 132 2034 1120 2118; baseline -0.005 -20"><span class='ocrx_word' id='word_1_166' title='bbox 132 2045 215 2109; x_wconf 61' lang='lat' dir='ltr'><strong>suut,</strong></span> <span class='ocrx_word' id='word_1_167' title='bbox 230 2039 332 2118; x_wconf 88' lang='lat' dir='ltr'><strong>quinto</strong></span> <span class='ocrx_word' id='word_1_168' title='bbox 347 2035 463 2096; x_wconf 88' lang='lat' dir='ltr'><strong>decimo</strong></span> <span class='ocrx_word' id='word_1_169' title='bbox 474 2036 521 2095; x_wconf 89' lang='lat' dir='ltr'><strong>dic</strong></span> <span class='ocrx_word' id='word_1_170' title='bbox 532 2034 654 2113; x_wconf 78' lang='lat' dir='ltr'><strong>Alpibus</strong></span> <span class='ocrx_word' id='word_1_171' title='bbox 665 2037 820 2114; x_wconf 88' lang='lat' dir='ltr'><strong>superatis.</strong></span> <span class='ocrx_word' id='word_1_172' title='bbox 845 2041 970 2114; x_wconf 90' lang='lat' dir='ltr'><strong>quantae</strong></span> <span class='ocrx_word' id='word_1_173' title='bbox 989 2036 1090 2113; x_wconf 87' lang='lat' dir='ltr'><strong>copiae</strong></span> <span class='ocrx_word' id='word_1_174' title='bbox 1103 2044 1120 2092; x_wconf 80' lang='lat'>2</span> 
     </span>
     <span class='ocr_line' id='line_1_23' title="bbox 131 2117 1092 2198; baseline -0.005 -16"><span class='ocrx_word' id='word_1_175' title='bbox 131 2139 315 2198; x_wconf 73' lang='lat' dir='ltr'><strong>transgresso</strong></span> <span class='ocrx_word' id='word_1_176' title='bbox 330 2123 364 2179; x_wconf 92' lang='lat' dir='ltr'><strong>in</strong></span> <span class='ocrx_word' id='word_1_177' title='bbox 378 2117 490 2178; x_wconf 90' lang='lat' dir='ltr'><strong>Italiam</strong></span> <span class='ocrx_word' id='word_1_178' title='bbox 502 2117 658 2178; x_wconf 88' lang='lat' dir='ltr'><strong>llaunibali</strong></span> <span class='ocrx_word' id='word_1_179' title='bbox 675 2118 798 2188; x_wconf 89' lang='lat' dir='ltr'><strong>luerint,</strong></span> <span class='ocrx_word' id='word_1_180' title='bbox 815 2135 998 2197; x_wconf 89' lang='lat' dir='ltr'><strong>nequaquam</strong></span> <span class='ocrx_word' id='word_1_181' title='bbox 1013 2119 1092 2178; x_wconf 89' lang='lat' dir='ltr'><strong>inter</strong></span> 
     </span>
     <span class='ocr_line' id='line_1_24' title="bbox 130 2198 1090 2280; baseline -0.003 -15"><span class='ocrx_word' id='word_1_182' title='bbox 130 2212 267 2265; x_wconf 86' lang='lat' dir='ltr'><strong>auctores</strong></span> <span class='ocrx_word' id='word_1_183' title='bbox 289 2209 414 2264; x_wconf 85' lang='lat' dir='ltr'><strong>constat.</strong></span> <span class='ocrx_word' id='word_1_184' title='bbox 430 2201 493 2278; x_wconf 72' lang='lat' dir='ltr'><strong>iqui</strong></span> <span class='ocrx_word' id='word_1_185' title='bbox 512 2198 687 2279; x_wconf 87' lang='lat' dir='ltr'><strong>plurimum,</strong></span> <span class='ocrx_word' id='word_1_186' title='bbox 711 2208 828 2262; x_wconf 90' lang='lat' dir='ltr'><strong>centum</strong></span> <span class='ocrx_word' id='word_1_187' title='bbox 850 2201 930 2262; x_wconf 87' lang='lat' dir='ltr'><strong>milia</strong></span> <span class='ocrx_word' id='word_1_188' title='bbox 949 2201 1090 2280; x_wconf 84' lang='lat' dir='ltr'><strong>peditum,</strong></span> 
     </span>
     <span class='ocr_line' id='line_1_25' title="bbox 134 2281 1090 2364; baseline -0.004 -17"><span class='ocrx_word' id='word_1_189' title='bbox 134 2287 235 2364; x_wconf 77' lang='lat' dir='ltr'><strong>viginti</strong></span> <span class='ocrx_word' id='word_1_190' title='bbox 251 2287 381 2364; x_wconf 87' lang='lat' dir='ltr'><strong>equitum</strong></span> <span class='ocrx_word' id='word_1_191' title='bbox 396 2283 487 2343; x_wconf 77' lang='lat' dir='ltr'><strong>lauisse</strong></span> <span class='ocrx_word' id='word_1_192' title='bbox 503 2281 651 2352; x_wconf 81' lang='lat' dir='ltr'><strong>scribuut;</strong></span> <span class='ocrx_word' id='word_1_193' title='bbox 667 2285 717 2363; x_wconf 90' lang='lat' dir='ltr'><strong>qui</strong></span> <span class='ocrx_word' id='word_1_194' title='bbox 731 2286 900 2355; x_wconf 88' lang='lat' dir='ltr'><strong>minimum,</strong></span> <span class='ocrx_word' id='word_1_195' title='bbox 918 2286 1021 2361; x_wconf 76' lang='lat' dir='ltr'><strong>viginti</strong></span> <span class='ocrx_word' id='word_1_196' title='bbox 1035 2286 1090 2344; x_wconf 89' lang='lat' dir='ltr'><strong>mi·</strong></span> 
     </span>
     <span class='ocr_line' id='line_1_26' title="bbox 130 2367 1119 2448; baseline -0.005 -17"><span class='ocrx_word' id='word_1_197' title='bbox 130 2370 171 2431; x_wconf 94' lang='lat' dir='ltr'><strong>lia</strong></span> <span class='ocrx_word' id='word_1_198' title='bbox 193 2369 341 2448; x_wconf 83' lang='lat' dir='ltr'><strong>peditum,</strong></span> <span class='ocrx_word' id='word_1_199' title='bbox 370 2385 422 2428; x_wconf 84' lang='lat' dir='ltr'><strong>sex</strong></span> <span class='ocrx_word' id='word_1_200' title='bbox 450 2368 591 2444; x_wconf 87' lang='lat' dir='ltr'><strong>equitum.</strong></span> <span class='ocrx_word' id='word_1_201' title='bbox 632 2367 666 2428; x_wconf 81' lang='lat' dir='ltr'><strong>L.</strong></span> <span class='ocrx_word' id='word_1_202' title='bbox 692 2368 809 2429; x_wconf 88' lang='lat' dir='ltr'><strong>Cincius</strong></span> <span class='ocrx_word' id='word_1_203' title='bbox 834 2367 1012 2438; x_wconf 79' lang='lat' dir='ltr'><strong>Alimentus,</strong></span> <span class='ocrx_word' id='word_1_204' title='bbox 1041 2368 1119 2447; x_wconf 76' lang='lat' dir='ltr'><strong>quia</strong></span> 
     </span>
     <span class='ocr_line' id='line_1_27' title="bbox 131 2449 1089 2532; baseline -0.004 -18"><span class='ocrx_word' id='word_1_205' title='bbox 131 2460 249 2532; x_wconf 88' lang='lat' dir='ltr'><strong>captum</strong></span> <span class='ocrx_word' id='word_1_206' title='bbox 265 2470 297 2512; x_wconf 91' lang='lat' dir='ltr'><strong>se</strong></span> <span class='ocrx_word' id='word_1_207' title='bbox 312 2451 347 2511; x_wconf 92' lang='lat' dir='ltr'><strong>ab</strong></span> <span class='ocrx_word' id='word_1_208' title='bbox 363 2449 526 2511; x_wconf 79' lang='lat' dir='ltr'><strong>Hannibale</strong></span> <span class='ocrx_word' id='word_1_209' title='bbox 546 2449 663 2520; x_wconf 87' lang='lat' dir='ltr'><strong>scribit,</strong></span> <span class='ocrx_word' id='word_1_210' title='bbox 685 2453 813 2512; x_wconf 82' lang='lat' dir='ltr'><strong>maxime</strong></span> <span class='ocrx_word' id='word_1_211' title='bbox 833 2458 940 2512; x_wconf 87' lang='lat' dir='ltr'><strong>auctor</strong></span> <span class='ocrx_word' id='word_1_212' title='bbox 949 2458 1089 2519; x_wconf 85' lang='lat' dir='ltr'><strong>moveret,</strong></span> 
     </span>
     <span class='ocr_line' id='line_1_28' title="bbox 131 2533 1090 2617; baseline -0.003 -20"><span class='ocrx_word' id='word_1_213' title='bbox 131 2539 188 2598; x_wconf 91' lang='lat' dir='ltr'><strong>nisi</strong></span> <span class='ocrx_word' id='word_1_214' title='bbox 213 2535 409 2617; x_wconf 81' lang='lat' dir='ltr'><strong>conbrudcret</strong></span> <span class='ocrx_word' id='word_1_215' title='bbox 433 2551 589 2595; x_wconf 88' lang='lat' dir='ltr'><strong>numerum</strong></span> <span class='ocrx_word' id='word_1_216' title='bbox 615 2533 705 2596; x_wconf 84' lang='lat' dir='ltr'><strong>Gallis</strong></span> <span class='ocrx_word' id='word_1_217' title='bbox 730 2535 945 2614; x_wconf 79' lang='lat' dir='ltr'><strong>Liguribusque</strong></span> <span class='ocrx_word' id='word_1_218' title='bbox 969 2533 1090 2595; x_wconf 87' lang='lat' dir='ltr'><strong>additis:</strong></span> 
     </span>
     <span class='ocr_line' id='line_1_29' title="bbox 131 2614 1117 2698; baseline -0.007 -16"><span class='ocrx_word' id='word_1_219' title='bbox 131 2620 261 2682; x_wconf 73' lang='lat' dir='ltr'><strong>cumibis</strong></span> <span class='ocrx_word' id='word_1_220' title='bbox 275 2614 425 2698; x_wconf 77' lang='lat' dir='ltr'><strong>comginta</strong></span> <span class='ocrx_word' id='word_1_221' title='bbox 441 2617 521 2679; x_wconf 89' lang='lat' dir='ltr'><strong>milia</strong></span> <span class='ocrx_word' id='word_1_222' title='bbox 537 2617 684 2697; x_wconf 87' lang='lat' dir='ltr'><strong>peditum,</strong></span> <span class='ocrx_word' id='word_1_223' title='bbox 702 2617 803 2680; x_wconf 85' lang='lat' dir='ltr'><strong>decom</strong></span> <span class='ocrx_word' id='word_1_224' title='bbox 821 2619 951 2698; x_wconf 89' lang='lat' dir='ltr'><strong>equitum</strong></span> <span class='ocrx_word' id='word_1_225' title='bbox 966 2616 1117 2678; x_wconf 77' lang='lat' dir='ltr'><strong>adductae</strong></span> 
     </span>
     <span class='ocr_line' id='line_1_30' title="bbox 130 2701 1090 2780; baseline -0.003 -16"><span class='ocrx_word' id='word_1_226' title='bbox 130 2705 216 2765; x_wconf 86' lang='lat' dir='ltr'><strong>-in</strong></span> <span class='ocrx_word' id='word_1_227' title='bbox 231 2702 313 2764; x_wconf 91' lang='lat' dir='ltr'><strong>ltalia</strong></span> <span class='ocrx_word' id='word_1_228' title='bbox 327 2703 421 2780; x_wconf 75' lang='lat' dir='ltr'><strong>magis</strong></span> <span class='ocrx_word' id='word_1_229' title='bbox 436 2702 592 2763; x_wconf 85' lang='lat' dir='ltr'><strong>adfluxisse</strong></span> <span class='ocrx_word' id='word_1_230' title='bbox 607 2704 669 2762; x_wconf 86' lang='lat' dir='ltr'><strong>veri</strong></span> <span class='ocrx_word' id='word_1_231' title='bbox 686 2701 780 2762; x_wconf 79' lang='lat' dir='ltr'><strong>simde</strong></span> <span class='ocrx_word' id='word_1_232' title='bbox 795 2711 853 2773; x_wconf 88' lang='lat' dir='ltr'><strong>est,</strong></span> <span class='ocrx_word' id='word_1_233' title='bbox 869 2709 898 2762; x_wconf 89' lang='lat' dir='ltr'><strong>et</strong></span> <span class='ocrx_word' id='word_1_234' title='bbox 917 2703 956 2761; x_wconf 90' lang='lat' dir='ltr'><strong>ita</strong></span> <span class='ocrx_word' id='word_1_235' title='bbox 972 2701 1090 2780; x_wconf 92' lang='lat' dir='ltr'><strong>quidam</strong></span> 
     </span>
     <span class='ocr_line' id='line_1_31' title="bbox 130 2783 1119 2865; baseline -0.007 -15"><span class='ocrx_word' id='word_1_236' title='bbox 130 2797 267 2851; x_wconf 87' lang='lat' dir='ltr'><strong>auctores</strong></span> <span class='ocrx_word' id='word_1_237' title='bbox 282 2795 351 2848; x_wconf 90' lang='lat' dir='ltr'><strong>sunt</strong></span> <span class='ocrx_word' id='word_1_238' title='bbox 366 2804 424 2856; x_wconf 88' lang='lat'><strong>-;</strong></span> <span class='ocrx_word' id='word_1_239' title='bbox 446 2803 483 2847; x_wconf 82' lang='lat' dir='ltr'><strong>ex</strong></span> <span class='ocrx_word' id='word_1_240' title='bbox 503 2787 568 2865; x_wconf 86' lang='lat' dir='ltr'><strong>ipso</strong></span> <span class='ocrx_word' id='word_1_241' title='bbox 584 2794 681 2846; x_wconf 89' lang='lat' dir='ltr'><strong>autem</strong></span> <span class='ocrx_word' id='word_1_242' title='bbox 694 2785 809 2849; x_wconf 88' lang='lat' dir='ltr'><strong>audisse</strong></span> <span class='ocrx_word' id='word_1_243' title='bbox 820 2783 992 2855; x_wconf 85' lang='lat' dir='ltr'><strong>Hannibale,</strong></span> <span class='ocrx_word' id='word_1_244' title='bbox 1010 2791 1119 2864; x_wconf 80' lang='lat' dir='ltr'><strong>post-5</strong></span> 
     </span>
     <span class='ocr_line' id='line_1_32' title="bbox 131 2868 1089 2951; baseline -0.006 -18"><span class='ocrx_word' id='word_1_245' title='bbox 131 2889 218 2951; x_wconf 88' lang='lat' dir='ltr'><strong>quam</strong></span> <span class='ocrx_word' id='word_1_246' title='bbox 241 2871 417 2933; x_wconf 85' lang='lat' dir='ltr'><strong>Rhodanum</strong></span> <span class='ocrx_word' id='word_1_247' title='bbox 440 2870 605 2941; x_wconf 83' lang='lat' dir='ltr'><strong>transierit,</strong></span> <span class='ocrx_word' id='word_1_248' title='bbox 627 2871 747 2948; x_wconf 83' lang='lat' dir='ltr'><strong>triginta</strong></span> <span class='ocrx_word' id='word_1_249' title='bbox 768 2888 820 2932; x_wconf 84' lang='lat' dir='ltr'><strong>sex</strong></span> <span class='ocrx_word' id='word_1_250' title='bbox 840 2869 919 2932; x_wconf 91' lang='lat' dir='ltr'><strong>milia</strong></span> <span class='ocrx_word' id='word_1_251' title='bbox 936 2868 1089 2929; x_wconf 88' lang='lat' dir='ltr'><strong>hominum</strong></span> 
     </span>
     <span class='ocr_line' id='line_1_33' title="bbox 131 2953 1090 3035; baseline -0.003 -21"><span class='ocrx_word' id='word_1_252' title='bbox 131 2957 340 3034; x_wconf 79' lang='lat' dir='ltr'><strong>ingentemque</strong></span> <span class='ocrx_word' id='word_1_253' title='bbox 356 2973 510 3016; x_wconf 89' lang='lat' dir='ltr'><strong>numerum</strong></span> <span class='ocrx_word' id='word_1_254' title='bbox 530 2971 672 3035; x_wconf 87' lang='lat' dir='ltr'><strong>equorum</strong></span> <span class='ocrx_word' id='word_1_255' title='bbox 693 2962 723 3014; x_wconf 87' lang='lat' dir='ltr'><strong>et</strong></span> <span class='ocrx_word' id='word_1_256' title='bbox 745 2953 869 3015; x_wconf 90' lang='lat' dir='ltr'><strong>aliorum</strong></span> <span class='ocrx_word' id='word_1_257' title='bbox 892 2955 1090 3014; x_wconf 89' lang='lat' dir='ltr'><strong>iumentorum</strong></span> 
     </span>
     <span class='ocr_line' id='line_1_34' title="bbox 132 3033 1090 3116; baseline -0.007 -19"><span class='ocrx_word' id='word_1_258' title='bbox 132 3038 273 3098; x_wconf 87' lang='lat' dir='ltr'><strong>amisisse.</strong></span> <span class='ocrx_word' id='word_1_259' title='bbox 308 3039 430 3098; x_wconf 85' lang='lat' dir='ltr'><strong>Taurini</strong></span> <span class='ocrx_word' id='word_1_260' title='bbox 452 3036 563 3099; x_wconf 85' lang='lat' dir='ltr'><strong>Galliac</strong></span> <span class='ocrx_word' id='word_1_261' title='bbox 585 3055 728 3116; x_wconf 81' lang='lat' dir='ltr'><strong>proxuma</strong></span> <span class='ocrx_word' id='word_1_262' title='bbox 751 3055 824 3115; x_wconf 84' lang='lat' dir='ltr'><strong>gens</strong></span> <span class='ocrx_word' id='word_1_263' title='bbox 844 3044 907 3098; x_wconf 89' lang='lat' dir='ltr'><strong>erat</strong></span> <span class='ocrx_word' id='word_1_264' title='bbox 925 3037 957 3095; x_wconf 93' lang='lat' dir='ltr'><strong>in</strong></span> <span class='ocrx_word' id='word_1_265' title='bbox 977 3033 1090 3092; x_wconf 90' lang='lat' dir='ltr'><strong>ltaliam</strong></span> 
     </span>
     <span class='ocr_line' id='line_1_35' title="bbox 133 3117 1118 3196; baseline -0.005 -17"><span class='ocrx_word' id='word_1_266' title='bbox 133 3120 281 3196; x_wconf 85' lang='lat' dir='ltr'><strong>degresso.</strong></span> <span class='ocrx_word' id='word_1_267' title='bbox 316 3120 345 3179; x_wconf 91' lang='lat' dir='ltr'><strong>id</strong></span> <span class='ocrx_word' id='word_1_268' title='bbox 370 3139 436 3180; x_wconf 93' lang='lat' dir='ltr'><strong>cum</strong></span> <span class='ocrx_word' id='word_1_269' title='bbox 457 3122 536 3180; x_wconf 88' lang='lat' dir='ltr'><strong>inter</strong></span> <span class='ocrx_word' id='word_1_270' title='bbox 562 3138 665 3180; x_wconf 88' lang='lat' dir='ltr'><strong>omnes</strong></span> <span class='ocrx_word' id='word_1_271' title='bbox 689 3127 816 3188; x_wconf 86' lang='lat' dir='ltr'><strong>constet,</strong></span> <span class='ocrx_word' id='word_1_272' title='bbox 842 3137 876 3179; x_wconf 90' lang='lat' dir='ltr'><strong>oo</strong></span> <span class='ocrx_word' id='word_1_273' title='bbox 891 3117 984 3194; x_wconf 81' lang='lat' dir='ltr'><strong>magis</strong></span> <span class='ocrx_word' id='word_1_274' title='bbox 998 3117 1118 3175; x_wconf 82' lang='lat' dir='ltr'><strong>mirord</strong></span> 
     </span>
     <span class='ocr_line' id='line_1_36' title="bbox 132 3198 1089 3281; baseline -0.007 -17"><span class='ocrx_word' id='word_1_275' title='bbox 132 3202 256 3280; x_wconf 82' lang='lat' dir='ltr'><strong>ambigi,</strong></span> <span class='ocrx_word' id='word_1_276' title='bbox 274 3219 398 3281; x_wconf 87' lang='lat' dir='ltr'><strong>quanam</strong></span> <span class='ocrx_word' id='word_1_277' title='bbox 413 3201 493 3280; x_wconf 88' lang='lat' dir='ltr'><strong>Alpis</strong></span> <span class='ocrx_word' id='word_1_278' title='bbox 503 3203 653 3261; x_wconf 88' lang='lat' dir='ltr'><strong>transierit</strong></span> <span class='ocrx_word' id='word_1_279' title='bbox 678 3208 707 3262; x_wconf 89' lang='lat' dir='ltr'><strong>et</strong></span> <span class='ocrx_word' id='word_1_280' title='bbox 722 3201 807 3278; x_wconf 79' lang='lat' dir='ltr'><strong>vulgo</strong></span> <span class='ocrx_word' id='word_1_281' title='bbox 823 3199 945 3260; x_wconf 88' lang='lat' dir='ltr'><strong>credere</strong></span> <span class='ocrx_word' id='word_1_282' title='bbox 958 3198 1089 3258; x_wconf 87' lang='lat' dir='ltr'><strong>Poenino</strong></span> 
     </span>
     <span class='ocr_line' id='line_1_37' title="bbox 132 3284 1088 3366; baseline -0.005 -19"><span class='ocrx_word' id='word_1_283' title='bbox 132 3321 174 3334; x_wconf 89' lang='lat'><strong>—-</strong></span> <span class='ocrx_word' id='word_1_284' title='bbox 188 3294 275 3366; x_wconf 93' lang='lat' dir='ltr'><strong>atque</strong></span> <span class='ocrx_word' id='word_1_285' title='bbox 295 3285 365 3358; x_wconf 90' lang='lat' dir='ltr'><strong>inde</strong></span> <span class='ocrx_word' id='word_1_286' title='bbox 386 3302 494 3344; x_wconf 91' lang='lat' dir='ltr'><strong>nomen</strong></span> <span class='ocrx_word' id='word_1_287' title='bbox 515 3285 543 3344; x_wconf 87' lang='lat' dir='ltr'><strong>ei</strong></span> <span class='ocrx_word' id='word_1_288' title='bbox 565 3286 634 3362; x_wconf 83' lang='lat' dir='ltr'><strong>iugo</strong></span> <span class='ocrx_word' id='word_1_289' title='bbox 654 3284 769 3362; x_wconf 84' lang='lat' dir='ltr'><strong>Alpium</strong></span> <span class='ocrx_word' id='word_1_290' title='bbox 793 3284 918 3344; x_wconf 90' lang='lat' dir='ltr'><strong>inditum</strong></span> <span class='ocrx_word' id='word_1_291' title='bbox 938 3317 980 3327; x_wconf 97' lang='lat'><em>-</em></span> <span class='ocrx_word' id='word_1_292' title='bbox 994 3288 1088 3342; x_wconf 87' lang='lat' dir='ltr'><strong>trans·</strong></span> 
     </span>
    </p>
   </div>
   <div class='ocr_carea' id='block_1_3' title="bbox 7 3359 1117 3536">
    <p class='ocr_par' dir='ltr' id='par_1_4' title="bbox 7 3359 1117 3536">
     <span class='ocr_line' id='line_1_38' title="bbox 7 3359 1117 3452; baseline -0.008 -20"><span class='ocrx_word' id='word_1_293' title='bbox 7 3359 9 3388; x_wconf 31' lang='grc' dir='ltr'><strong>ἓ</strong></span> <span class='ocrx_word' id='word_1_294' title='bbox 133 3389 280 3452; x_wconf 77' lang='lat' dir='ltr'><strong>gressum,</strong></span> <span class='ocrx_word' id='word_1_295' title='bbox 299 3366 430 3429; x_wconf 86' lang='lat' dir='ltr'><strong>Coelium</strong></span> <span class='ocrx_word' id='word_1_296' title='bbox 451 3385 504 3446; x_wconf 88' lang='lat' dir='ltr'><strong>per</strong></span> <span class='ocrx_word' id='word_1_297' title='bbox 519 3368 673 3429; x_wconf 86' lang='lat' dir='ltr'><strong>Cremonis</strong></span> <span class='ocrx_word' id='word_1_298' title='bbox 693 3369 793 3446; x_wconf 80' lang='lat' dir='ltr'><strong>iugum</strong></span> <span class='ocrx_word' id='word_1_299' title='bbox 815 3368 913 3427; x_wconf 88' lang='lat' dir='ltr'><strong>dicere</strong></span> <span class='ocrx_word' id='word_1_300' title='bbox 933 3365 1117 3433; x_wconf 85' lang='lat' dir='ltr'><strong>transisse;7</strong></span> 
     </span>
     <span class='ocr_line' id='line_1_39' title="bbox 8 3449 1088 3536; baseline -0.005 -22"><span class='ocrx_word' id='word_1_301' title='bbox 8 3459 9 3464; x_wconf 77' lang='grc'>’</span> <span class='ocrx_word' id='word_1_302' title='bbox 133 3455 182 3536; x_wconf 85' lang='lat' dir='ltr'><strong>qui</strong></span> <span class='ocrx_word' id='word_1_303' title='bbox 198 3453 283 3515; x_wconf 90' lang='lat' dir='ltr'><strong>ambo</strong></span> <span class='ocrx_word' id='word_1_304' title='bbox 297 3451 387 3514; x_wconf 91' lang='lat' dir='ltr'><strong>saltus</strong></span> <span class='ocrx_word' id='word_1_305' title='bbox 399 3469 465 3511; x_wconf 88' lang='lat' dir='ltr'><strong>curn</strong></span> <span class='ocrx_word' id='word_1_306' title='bbox 479 3453 581 3512; x_wconf 91' lang='lat' dir='ltr'><strong>nonin</strong></span> <span class='ocrx_word' id='word_1_307' title='bbox 592 3452 750 3524; x_wconf 87' lang='lat' dir='ltr'><strong>Taurinos,</strong></span> <span class='ocrx_word' id='word_1_308' title='bbox 766 3451 818 3511; x_wconf 88' lang='lat' dir='ltr'><strong>scd</strong></span> <span class='ocrx_word' id='word_1_309' title='bbox 829 3469 883 3531; x_wconf 86' lang='lat' dir='ltr'><strong>per</strong></span> <span class='ocrx_word' id='word_1_310' title='bbox 894 3449 993 3530; x_wconf 86' lang='lat' dir='ltr'><strong>Salyes</strong></span> <span class='ocrx_word' id='word_1_311' title='bbox 1004 3465 1088 3510; x_wconf 90' lang='lat' dir='ltr'><strong>mou·</strong></span> 
     </span>
    </p>
   </div>
   <div class='ocr_carea' id='block_1_4' title="bbox 0 0 1276 3946">
    <p class='ocr_par' dir='ltr' id='par_1_5' title="bbox 0 0 1276 3946">
     <span class='ocr_line' id='line_1_40' title="bbox 0 0 1276 3946; baseline 0 0"><span class='ocrx_word' id='word_1_312' title='bbox 0 0 1276 3946; x_wconf 95' lang='lat' dir='ltr'><strong> </strong></span> 
     </span>
    </p>
   </div>
  </div>
 </body>
</html>
