2546 3936
348 209 443 252 ursus
455 209 498 252 tx.
511 162 580 252 eur.
591 195 634 250 31.
647 186 687 272 [s.
700 189 802 272 Odit]
999 196 1061 257 127

103 365 135 424 in
151 361 273 424 Samnio
290 355 433 428 Cluviam,
449 356 628 437 praesidium
642 355 822 427 Romanum,
841 359 909 438 quia
924 361 1090 438 nequire-2

103 447 192 508 ratri
206 445 285 525 capi,
302 441 454 504 obsessum
467 441 544 502 lame
558 443 588 501 in
600 441 779 502 deditionem
791 451 965 518 acceperant
978 445 1061 505 Sam-

105 532 190 597 nites,
206 525 725 604 rerberibusqueioeduminmodum
737 525 881 587 laceratos
892 527 1062 589 occiderant

107 613 227 674 deditos.
268 611 336 671 buic
356 610 489 670 infensus
508 608 673 670 crudelitati
689 609 804 684 lunius,
828 607 901 668 nihil
915 612 1089 690 antiquiusa

105 696 323 776 oppugnatione
340 692 478 754 Cluviana
492 701 590 763 ratus,
613 711 671 772 quo
686 692 733 754 die
747 694 904 772 adgressus
919 700 964 755 est
979 713 1060 756 moe·

107 782 167 849 nia,
183 780 211 838 vi
231 779 308 858 cepit
321 788 408 857 atque
422 795 525 837 omnes
545 775 674 856 puberes
692 777 850 838 interiecit.
885 777 955 837 inde
969 779 1089 839 victore

108 864 251 924 exercitus
270 863 431 922 Bovianum
453 861 566 921 ductus.
604 867 692 940 caput
716 861 773 921 boc
798 868 862 922 erat
883 861 1060 922 Pentrorum

105 947 278 1007 Samnitium
295 946 382 1024 longe
398 944 574 1005 ditissimum
596 950 682 1024 atque
699 941 955 1022 opulentissimum
970 946 1061 1006 armis

104 1031 241 1109 virisque.
271 1029 312 1089 ibi
327 1031 394 1108 quia
408 1028 486 1089 haud
505 1035 618 1089 tantum
632 1029 743 1088 irarum
768 1035 845 1095 erat,
867 1045 919 1107 spe
934 1028 1089 1106 praedast

104 1112 213 1176 milites
229 1115 347 1174 accensi
364 1113 472 1191 oppido
488 1113 650 1191 potiuntur.
684 1112 781 1172 minus
800 1112 899 1189 itaque
919 1113 1061 1172 saevitum

104 1199 134 1258 ln
149 1197 250 1258 hostes
265 1205 324 1267 est,
345 1196 473 1276 praedae
487 1194 553 1274 plus
574 1211 669 1273 paene
684 1213 771 1272 quam
793 1196 925 1254 exomni
941 1195 1061 1256 Samnio

110 1299 243 1358 umquam
260 1287 407 1358 egestum,
425 1277 612 1356 benigneque
633 1279 728 1338 omnis
749 1277 835 1337 militi
851 1295 1000 1338 concessa.
1033 1284 1090 1339 ete

103 1372 258 1442 postquam
278 1369 501 1441 praepotentem
522 1362 611 1422 armis
626 1359 791 1421 Romanum
815 1377 870 1420 nec
893 1362 969 1422 acies
992 1360 1061 1420 sub·

103 1448 208 1506 sistere
223 1444 299 1506 ullae
314 1463 370 1505 nec
381 1453 477 1505 castra
492 1463 548 1504 nec
560 1442 650 1505 urbes
662 1449 813 1521 poterant,
832 1445 964 1504 omnium
978 1445 1061 1523 prin·

104 1530 203 1607 cipum
217 1530 247 1588 in
265 1529 384 1589 Samnio
400 1547 435 1587 eo
450 1546 539 1588 curae
554 1534 622 1588 sunt
634 1528 778 1596 intentae,
794 1533 828 1589 ut
843 1526 957 1588 insidiis
972 1545 1060 1606 quae-

103 1620 220 1672 reretur
236 1610 331 1681 locuto,
357 1613 383 1674 si
400 1630 457 1690 qua
471 1611 588 1674 licentia
609 1609 769 1691 populandi
784 1611 892 1672 ellusus
915 1611 1061 1671 exercitus

105 1696 200 1774 excipi
217 1711 251 1756 ac
266 1697 471 1756 circumveniri
487 1703 597 1775 posset.
623 1695 792 1774 transfugae
803 1701 934 1774 agrestes
949 1701 980 1756 et
994 1700 1089 1773 cap-7

106 1779 154 1842 tiri
171 1779 303 1858 quidam,
326 1797 395 1857 pars
409 1778 486 1840 sorte
509 1797 578 1858 pars
601 1778 723 1840 consilio
741 1778 848 1844 oblati,
869 1780 1061 1858 congruentia

105 1862 140 1923 ad
155 1861 306 1924 consulem
321 1863 503 1931 adferentes,
526 1880 600 1940 quae
617 1869 647 1923 et
665 1881 735 1923 vera
750 1871 848 1932 erant,
871 1863 988 1941 pecoris
1002 1863 1061 1922 vim

102 1947 253 2024 ingentem
267 1947 298 2006 in
319 1946 425 2006 saltum
447 1947 542 2006 avium
564 1945 734 2025 conpulsam
755 1964 836 2014 esse,
856 1945 1060 2024 perpulerunt,

103 2036 136 2090 ut
145 2029 319 2108 praedatum
332 2048 367 2090 eo
380 2030 532 2108 expeditae
544 2028 723 2090 ducerentur
733 2027 874 2106 legiones.
903 2029 944 2088 ibi
956 2029 1090 2106 iugensil

103 2113 231 2174 hostium
245 2115 392 2174 exercitus
406 2116 512 2173 itinera
528 2110 660 2173 occultus
674 2112 838 2182 insederat,
854 2119 890 2181 et,
905 2120 1060 2191 postquam

103 2198 228 2258 intrasse
242 2196 391 2258 Romanos
405 2197 476 2254 vidit
498 2194 617 2264 saltum,
641 2203 764 2274 repente
785 2203 904 2256 exortus
920 2213 987 2255 cum
1002 2193 1061 2254 cla·

103 2298 187 2340 more
201 2298 235 2341 ac
247 2279 375 2340 tumultu
389 2281 523 2338 incautus
539 2277 657 2337 invadit.
693 2285 724 2339 et
737 2279 833 2357 primo
848 2295 922 2338 nova
937 2295 985 2336 res
1002 2282 1090 2336 tre-o

103 2364 284 2444 pidationem
299 2362 384 2431 iecit,
400 2362 470 2422 dum
486 2379 567 2421 arma
588 2361 722 2438 capiunt,
745 2361 875 2419 sarcinas
897 2366 1063 2436 congerunt

102 2449 134 2508 iu
145 2449 291 2514 medium:
302 2445 378 2514 dein,
391 2453 554 2524 postquam,
566 2452 599 2504 ut
610 2445 734 2523 quisque
745 2443 921 2504 liberaverat
931 2461 964 2503 se
970 2460 1062 2504 onere

103 2539 310 2610 aptaveratque
324 2531 426 2598 armis
443 2529 479 2588 ad
495 2531 577 2606 signa
592 2527 723 2606 undique
737 2527 857 2588 coibant
876 2535 905 2586 et
919 2528 996 2586 notis
1012 2545 1061 2586 cr·

103 2613 223 2674 dinibus
241 2615 272 2672 in
290 2620 390 2672 vetere
410 2611 563 2691 disciplina
591 2611 712 2672 militiae
733 2612 792 2671 iam
818 2612 882 2670 sine
902 2615 1061 2689 praecepto

101 2697 191 2759 ullius
211 2713 263 2756 sua
284 2705 388 2774 sponte
415 2695 584 2758 struebatur
603 2696 694 2764 acies,
717 2692 820 2755 consul
842 2694 879 2754 ad
902 2695 1060 2773 ancipitem
1071 2698 1105 2750 10

102 2782 231 2842 maxime
251 2797 379 2859 pugnarn
395 2780 532 2840 advectus
548 2779 645 2840 desilit
659 2797 695 2840 ex
713 2797 804 2858 equo,
825 2785 855 2838 et
873 2777 971 2839 lovem
985 2779 1061 2839 llar-

102 2873 222 2945 temque
237 2872 324 2944 atque
345 2865 416 2926 alios
438 2871 561 2925 testatur
579 2863 650 2924 deos
668 2881 700 2924 se
715 2861 824 2925 nullam
839 2881 922 2924 suam
938 2862 1062 2941 gloriam

102 2949 187 3019 inda,
204 2948 256 3010 sed
272 2950 411 3028 praedam
426 2948 512 3009 militi
525 2955 715 3026 quaerentem
729 2949 761 3008 in
777 2966 845 3008 eum
860 2947 958 3009 locum
975 2947 1062 3007 dere·

103 3033 197 3103 nisse,
220 3051 317 3112 neque
337 3035 368 3093 in
389 3053 421 3094 se
442 3032 521 3093 aliud
541 3047 635 3111 quam·
649 3033 771 3092 nimiam
791 3032 903 3092 ditandi
924 3049 960 3090 ex
975 3030 1059 3089 hoste
1072 3036 1103 3086 11

103 3114 206 3176 militis
228 3135 329 3176 curam
351 3116 531 3197 reprehendi
552 3133 654 3195 posse;
675 3115 712 3175 ab
730 3133 765 3175 eo
788 3133 820 3175 se
836 3115 981 3174 dedecore
997 3110 1062 3171 nul·

104 3198 163 3260 lam
175 3217 241 3260 rom
256 3199 341 3260 aliam
354 3219 440 3280 quam
455 3203 592 3260 virtutem
604 3198 729 3258 militum
740 3197 965 3257 vindicaturam:
979 3195 1060 3254 coni·
1073 3201 1105 3260 12

104 3290 241 3344 terentur
256 3283 344 3343 modo
355 3303 414 3344 uno
429 3285 527 3344 animo
539 3299 642 3342 ornnes
652 3280 792 3340 invadere
806 3281 937 3348 hostem,
955 3280 1064 3338 victum

107 3368 185 3436 acie,
210 3368 313 3427 castris
334 3376 469 3436 exutum,
495 3364 636 3425 nudatum
658 3362 798 3434 urbibus,
824 3362 958 3423 ultimam
979 3380 1063 3440 spem

105 3449 184 3512 lurtc
203 3450 376 3512 insidiarum
398 3455 591 3528 temptantem
613 3456 643 3508 et
662 3447 744 3518 loce,
766 3465 827 3508 uon
841 3447 930 3507 armis
944 3445 1063 3509 fretum.
