2546 3936
326 219 422 264 arnan
434 220 478 262 rx.
494 205 618 262 emto.
635 207 677 259 27.
694 195 734 278 [a.
751 198 786 260 0.
800 194 863 278 314]
1014 199 1076 271 123

116 375 259 450 appareat
272 367 441 428 innocentia
455 373 558 428 nostra
572 383 641 435 nos,
656 381 717 427 uou
728 366 880 426 maiestate
893 364 1015 425 honoris
1029 373 1075 425 tu·

115 461 162 516 tos
174 473 191 514 a
207 449 462 514 criminationibus
472 451 535 512 istis
547 456 644 510 esse.“
673 448 790 510 abdicat
803 447 872 508 lude
887 466 919 509 se
930 449 1074 510 dictatura
1084 456 1119 508 20

118 543 228 621 etpost
244 554 310 596 eum
327 534 481 595 confestim
497 531 611 595 Foslius
624 533 794 611 magisterio
810 533 956 611 equitum,
972 533 1075 611 primi·

116 639 175 702 que
190 619 268 700 apud
284 616 420 679 consules
433 651 476 666 -
489 619 525 678 iis
543 617 622 678 enim
637 615 674 677 ab
689 623 793 677 senatu
811 615 947 676 mandata
967 633 1016 676 res
1031 622 1078 676 est

115 737 159 750 ·-
173 705 218 766 rei
238 703 307 764 lacti
325 699 464 762 adversus
486 700 628 760 nobilium
651 700 819 760 testimonia
842 701 961 777 egregie
981 698 1077 761 absol·

116 795 234 850 cuntur.
266 785 408 847 Publilius
424 786 512 845 etiam
527 783 610 844 Pbilo
626 782 825 862 multiplicatis
841 783 963 843 summis
978 783 1072 843 hono·
1083 790 1114 840 21

116 870 201 933 ribus
218 877 284 950 post
299 887 348 930 res
368 877 411 930 tot
424 868 504 929 dumi
524 866 660 947 belloque
675 875 785 944 gestas,
813 875 944 928 ceterum
966 867 1078 928 invisus

117 954 276 1025 nobilitati,
293 971 411 1014 causam
425 951 498 1012 dixit
517 949 725 1029 absolutusque
741 957 795 1011 est.
825 967 881 1009 nec
895 948 1020 1022 diutius,
1043 957 1077 1011 ut
1086 957 1120 1007 22

116 1039 165 1109 lit,
180 1056 266 1118 quam
279 1037 349 1098 dum
364 1052 470 1097 recens
481 1042 559 1104 erat,
575 1035 706 1114 quaestio
720 1051 776 1113 per
786 1030 864 1092 clara
879 1035 998 1094 nomina
1011 1050 1079 1095 reo·

118 1139 188 1184 rum
201 1122 308 1199 siguin
330 1118 401 1180 iude
415 1117 475 1180 labi
491 1118 588 1196 coepit
602 1117 638 1178 ad
657 1115 760 1178 viliora
777 1118 885 1195 capita,
907 1116 1002 1178 donec
1017 1117 1077 1178 coi·

116 1203 248 1268 tionibus
259 1203 509 1281 factionibusque,
526 1201 665 1262 adversus
675 1218 749 1280 quas
760 1208 919 1278 conparata
932 1207 1009 1272 erat,
1025 1219 1078 1280 op·

156 1297 288 1350 esseest.
888 1319 890 1322 ·

117 1307 154 1370 pf
179 1369 291 1432 xxvu.
320 1368 428 1429 Earum
451 1367 528 1428 lama
545 1384 659 1436 rerum,
682 1368 775 1443 magis
798 1375 896 1428 tamen
911 1384 979 1447 spes
993 1360 1103 1429 Cam-1

117 1471 212 1534 panae
228 1452 416 1521 desectionis,
435 1451 467 1510 in
483 1469 571 1532 quam
586 1451 771 1511 coniuratum
785 1457 862 1522 erat,
884 1451 1030 1513 Samnites
1045 1451 1078 1510 iu

117 1534 252 1616 Apuliam
271 1553 371 1596 versos
390 1552 493 1596 rursus
512 1534 549 1595 ad
567 1533 708 1596 Caudium
724 1535 885 1606 revocarit,
908 1541 941 1594 ut
955 1534 1024 1595 inde
1040 1541 1104 1595 ext

117 1621 298 1700 propinquo,
315 1618 405 1697 siqui
415 1625 512 1680 motus
523 1619 706 1680 occasionem
719 1619 862 1696 aperiret,
880 1618 1009 1696 Capuam
1017 1618 1076 1678 Ro·

117 1703 213 1780 manis
229 1704 387 1782 eriperent
427 1719 462 1763 eo
480 1701 616 1762 consules
633 1719 700 1762 cum
723 1701 817 1763 valido
838 1703 968 1762 exercitu
988 1706 1105 1762 vene-a

117 1795 198 1849 runt.
230 1793 260 1846 ct
274 1787 371 1864 primo
383 1785 461 1846 circa
474 1784 580 1855 saltus,
596 1802 663 1846 oum
676 1787 825 1865 utrimque
838 1785 875 1846 ad
890 1786 1005 1846 hostem
1019 1785 1076 1845 ini·

118 1889 176 1949 qua
192 1871 237 1930 via
255 1876 348 1939 esset,
370 1870 499 1930 cunctati
517 1877 599 1938 sunt;
622 1869 729 1928 deinde
744 1869 890 1930 Samnites
904 1886 959 1948 per
977 1875 1105 1948 apertat
1175 1919 1176 1923 ,

118 1952 185 2014 loca
199 1950 281 2012 brevi
295 1952 418 2012 circuitu
438 1953 470 2013 in
484 1950 549 2012 loca
563 1951 664 2031 plana,
687 1952 852 2031 Campanos
868 1969 1002 2031 campos,
1025 1969 1076 2030 ag·

117 2054 188 2098 meu
197 2034 367 2106 demittunt,
383 2034 483 2115 ibique
493 2036 622 2115 primum
634 2042 729 2096 castra
741 2036 773 2095 in
784 2042 974 2114 conspectum
984 2034 1076 2097 hosti·

116 2120 173 2181 bus
193 2119 277 2189 data,
297 2117 404 2180 deiude
424 2116 536 2180 levibus
554 2118 675 2198 proeliis
696 2121 825 2198 equitum
849 2120 966 2200 saepius
987 2123 1104 2198 quamt

116 2203 249 2283 peditum
262 2203 411 2282 utrimque
425 2200 588 2281 periculum
606 2202 731 2270 lactum:
755 2219 810 2262 neo
826 2209 876 2262 aut
891 2210 1011 2263 eventus
1026 2221 1076 2264 eo·

117 2305 184 2348 rum
200 2287 365 2347 Romanum
380 2293 430 2346 aut
448 2303 565 2356 morae,
588 2303 645 2364 qua
659 2283 816 2346 trahebant
830 2283 954 2357 bobum,
973 2287 1075 2364 paeni·

117 2371 206 2432 lebat.
234 2369 408 2431 Samnitium
432 2377 536 2431 contra
551 2368 673 2430 ducibus
697 2376 726 2428 et
744 2369 826 2447 carpi
845 2369 943 2446 parvis
968 2367 1103 2430 cotidieu

117 2454 232 2516 damnis
246 2461 276 2513 et
292 2470 448 2514 senescere
464 2452 604 2514 dilatione
622 2451 692 2512 belli
710 2453 786 2512 vires
807 2469 877 2512 suae
891 2450 1074 2513 videbantur.

115 2539 215 2618 itaque
229 2538 261 2596 in
272 2538 365 2598 aciem
377 2536 542 2616 procedunt
552 2535 698 2616 equitibus
712 2536 743 2596 iu
759 2553 869 2596 cornua
880 2535 991 2607 divisis,
1010 2538 1101 2616 qui-t

117 2621 175 2683 bus
188 2628 380 2701 praeceptum
395 2627 472 2690 erat,
488 2621 661 2682 intentiores
673 2617 709 2680 ad
722 2628 890 2699 respectum
901 2627 1075 2692 castrorum,

116 2721 155 2768 no
176 2723 233 2784 qua
256 2723 292 2764 eo
310 2706 353 2764 vis
372 2703 472 2777 lieret,
501 2723 589 2784 quarn
605 2703 641 2764 ad
660 2703 804 2783 proelium
829 2711 954 2766 starent:
981 2705 1075 2766 aciem

138 2789 210 2850 editi
229 2795 321 2850 tutam
342 2787 415 2851 lore.
452 2786 606 2850 consulum
621 2787 766 2868 Sulpicius
783 2789 815 2848 in
830 2788 947 2861 dextro,
969 2789 1101 2852 Pecto-8

115 2807 173 2934 lius
188 2873 220 2934 in
235 2871 316 2932 laevo
329 2889 422 2934 cornu
434 2874 605 2933 consistunt.
635 2871 738 2934 dextra
751 2871 834 2951 pars',
851 2891 908 2953 qua
920 2881 950 2934 et
960 2874 1075 2937 Samni-

115 2963 162 3016 tes
173 2957 248 3015 raris
260 2954 422 3024 ordinibus,
439 2955 536 3017 autad
547 2955 772 3018 circumeundos
783 2957 891 3028 hostes,
911 2966 960 3019 aut
971 2977 1009 3019 nc
1020 2959 1076 3036 ipsi

36 3067 41 3075 s
117 3040 354 3110 circumirentur,
367 3041 568 3111 constiterant,
580 3039 666 3100 latius
674 3040 819 3119 patefacta
830 3042 924 3101 stetit:
936 3043 1072 3110 sinistris,
1084 3045 1113 3102 9,

115 3128 324 3202 praeterquam
336 3123 414 3203 quod
426 3123 620 3184 confertiores
628 3131 777 3192 steterant,
791 3125 945 3200 repentino
954 3122 1075 3183 consilio

115 3203 240 3268 Poetelii
255 3205 383 3266 consulis
403 3205 519 3268 additae
542 3207 634 3276 vires,
658 3208 708 3285 qni
726 3205 915 3266 subsidiarias
929 3206 1075 3276 cohortes,

117 3308 192 3370 quae
207 3291 342 3367 integrae
356 3289 392 3350 ad
407 3289 550 3368 longioris
561 3307 677 3369 pugnae
689 3305 773 3348 casus
788 3287 1029 3358 reservabantur,
1044 3290 1076 3350 in

115 3371 243 3454 primam
254 3375 349 3433 aciem
361 3372 508 3452 extemplo
519 3374 628 3442 emisit,
641 3373 842 3450 universisque
853 3368 968 3432 bostem
979 3373 1076 3451 primo

115 3457 228 3538 impetu
251 3454 360 3516 uiribus
377 3455 492 3536 inpulit
520 3463 664 3518 commota
678 3454 808 3535 pedestri
825 3455 888 3515 acie
900 3455 1074 3517 Samnitium
1087 3459 1117 3514 lt
1186 3451 1190 3458 “
