2546 3936
264 238 359 282 omns
372 239 416 282 rx.
433 227 561 284 omno.
577 227 620 282 20.
638 217 679 302 [s.
696 221 730 284 (f.
745 228 806 281 ³19.
824 220 887 304 ³18]
994 229 1054 294 115

93 389 171 450 citus
183 387 396 447 consenuisset.
422 386 512 448 Arma
523 385 643 467 clupeus
655 389 822 469 sarisaeque
833 386 905 458 illis;
923 387 1083 452 Romanor

93 479 222 540 scutum,
237 472 332 530 maius
347 473 466 547 corpori
480 478 696 550 tegumentum,
716 479 745 532 et
760 471 862 551 pilum,
875 472 954 533 haud
967 472 1055 552 paulo

93 572 183 635 quam
203 553 287 614 hasta
305 552 509 616 vehementius
528 556 589 617 ictu
610 557 760 636 missuque
781 554 881 616 telum.
919 559 1084 617 statariuss
1109 617 1110 622 ,

92 645 220 716 uterquc
239 636 325 697 miles
340 637 459 698 ordines
475 655 610 699 servans:
636 639 689 700 sed
705 639 754 699 illa
765 637 893 718 phalanx
907 638 1057 700 inmobilis

94 729 125 783 et
145 723 232 782 unius
251 721 382 797 generis,
402 720 534 781 Romana
556 724 634 783 acies
654 722 835 793 distinctior,
864 741 901 783 ex
921 720 1056 802 pluribus

94 803 230 884 partibus
241 812 396 873 constans,
413 802 508 864 facilis
518 807 671 882 perdenti,
688 823 872 885 quacumque
884 824 958 885 opus
970 811 1055 878 esset,

93 888 189 949 facilis
208 887 350 964 fungenti.
387 887 498 947 iamin
523 904 614 966 opere
637 887 703 966 quis
724 905 779 966 par
792 887 927 950 Romano
950 888 1080 950 milesio

94 973 161 1052 quis
182 970 220 1030 ad
235 969 423 1031 tolerandum
444 969 576 1030 laborem
596 969 722 1030 meliori
752 986 812 1030 uno
830 971 944 1048 proelio
959 974 1053 1034 victus

93 1053 260 1116 Alexander
274 1051 352 1114 bello
374 1055 467 1115 rictus
489 1060 580 1116 esset:
601 1053 784 1123 Romanum,
799 1071 887 1133 quom
903 1053 1055 1126 Caudium,

95 1155 184 1219 quern
197 1138 314 1199 Cannae
330 1154 390 1197 non
409 1137 578 1215 fregerunt,
599 1155 675 1216 quae
690 1136 827 1214 fregisset
840 1137 936 1198 aciesi
951 1155 989 1198 ne
1004 1135 1054 1198 ille
1065 1145 1099 1197 10

93 1239 192 1301 saepe,
209 1223 297 1281 etiam
305 1222 330 1281 si
340 1221 435 1299 prima
442 1237 585 1298 prospere
597 1220 771 1290 evenissent,
780 1219 886 1282 Persas
892 1228 921 1281 et
927 1220 1017 1282 ludos
1026 1232 1056 1282 et

93 1304 235 1366 inbellem
241 1305 338 1363 Asiam
346 1303 517 1379 quaesisset,
530 1309 559 1362 et
573 1319 640 1362 oum
653 1302 834 1363 feminissibi
845 1301 1053 1365 bellumfuisse

95 1388 229 1452 dixisset,
245 1384 324 1464 quod
340 1384 424 1463 Epiri
434 1402 537 1462 regem
550 1383 749 1446 Alexandrum
764 1386 919 1448 mortifere
934 1386 1056 1448 vulnere
1067 1395 1097 1446 tl

93 1472 186 1530 ictum
208 1467 317 1528 dixisse
337 1467 449 1538 ferunt,
471 1475 581 1528 sortem
597 1467 743 1530 bellorum
765 1471 797 1530 in
817 1469 884 1531 Asia
905 1477 1055 1548 gestorum

94 1552 131 1614 ab
146 1552 204 1612 hoc
220 1552 284 1630 ipso
298 1552 404 1610 iuvene
415 1569 483 1612 cum
504 1570 557 1612 sua
573 1551 786 1614 conferentem.
816 1552 969 1630 equidem,
986 1559 1098 1614 cum12

92 1653 150 1717 per
162 1651 256 1694 annos
268 1642 408 1714 quatuor
423 1643 454 1694 et
464 1635 567 1714 uiginti
581 1637 678 1714 primo
693 1636 805 1697 Punico
819 1635 897 1697 bello
910 1634 1054 1698 classibus

94 1725 239 1780 certatum
265 1735 333 1778 cum
357 1717 465 1779 Poenis
490 1719 648 1791 recordor,
675 1721 722 1780 u'x
745 1727 870 1780 aetatem
895 1718 1056 1782 Alexandri

93 1803 282 1864 suffecturam
298 1801 388 1862 fuisse
403 1818 473 1862 reor
490 1802 526 1862 ad
539 1821 632 1864 unum
646 1802 772 1872 bellum;
786 1812 817 1865 et
829 1804 968 1876 forsitan,
985 1823 1052 1865 cum
1065 1809 1097 1863 1³

93 1895 124 1948 et
140 1884 311 1946 foederibus
332 1887 454 1946 vetustis
473 1887 572 1948 iuncta
592 1905 642 1948 res
663 1887 774 1948 Punica
794 1886 945 1948 Romanae
966 1895 1053 1955 esset,

93 1977 124 2031 et
149 1970 239 2030 timor
262 1987 318 2048 per
342 1970 481 2030 adversus
506 1987 693 2031 communem
719 1971 834 2031 hostem
854 1970 926 2031 duas
949 1981 1055 2049 poten·

92 2054 221 2114 tissimus
235 2054 325 2114 armis
343 2055 472 2132 virisque
492 2053 582 2115 urbes
603 2061 745 2125 armaret,
766 2053 853 2114 simul
867 2053 980 2114 Punico
994 2053 1053 2116 Ro·

92 2155 239 2216 manoque
265 2136 389 2198 obrutus
414 2136 492 2198 bello
517 2146 605 2198 esset.
659 2155 718 2197 non
742 2137 861 2216 quidem
885 2135 1052 2199 Alexandro
1064 2145 1098 2196 14

92 2220 167 2282 duce
185 2238 241 2281 nec
254 2222 378 2298 integris
397 2221 589 2282 Macedonum
610 2220 715 2292 rebus,
739 2220 792 2282 sed
816 2222 931 2299 experti
954 2227 1053 2281 tamen

91 2311 161 2364 sunt
190 2304 316 2364 Romani
344 2304 536 2366 Macedonem
563 2304 678 2366 hostem
708 2303 846 2367 adversus
874 2304 1052 2365 Antiochum

91 2386 259 2467 Philippum
283 2388 410 2458 Persen,
436 2406 496 2449 non
522 2387 610 2449 modo
639 2405 706 2448 curn
731 2386 814 2452 clade
834 2385 910 2457 ulla,
936 2385 989 2446 sed
1014 2404 1052 2446 ne

92 2489 160 2533 cnm
181 2469 313 2550 periculo
334 2472 453 2552 quidem
473 2490 537 2534 suo.
573 2471 650 2534 absit
668 2470 775 2532 invidia
796 2469 888 2530 verbo
903 2476 933 2530 et
957 2468 1053 2530 civilia
1064 2479 1096 2530 15

5 2624 9 2630 ‚
90 2554 313 2624 helladicam:
344 2573 505 2635 numquam
533 2555 570 2616 ab
597 2557 695 2635 equite
719 2555 819 2626 hoste,
851 2571 1009 2633 numquam
1034 2571 1069 2613 a·

91 2637 206 2719 pedite,
237 2656 397 2719 numquam
427 2646 529 2719 aperta
557 2641 633 2709 acie,
662 2655 822 2718 numquam
854 2637 967 2715 aequis,
995 2637 1052 2697 uti·

92 2741 150 2802 que
170 2739 330 2804 numquam
350 2725 460 2782 nostris
483 2722 556 2784 locis
576 2722 784 2791 laboravimus;
809 2721 937 2801 equitem
961 2722 1050 2799 sagit·
1062 2725 1095 2782 lb

92 2813 138 2866 tas
158 2805 250 2868 saltus
269 2806 418 2885 inpeditos
438 2809 500 2868 avia
519 2807 731 2868 commeatibus
754 2805 819 2866 loca
842 2806 939 2884 gravis
959 2806 1049 2866 armis

92 2888 179 2950 miles
192 2891 298 2952 timere
313 2898 424 2970 potest:
446 2889 526 2951 mille
546 2892 624 2952 acies
645 2893 793 2971 graviores
808 2907 895 2970 quam
911 2889 1046 2951 Macedo·
1059 2895 1089 2946 lt

93 2991 166 3032 num
182 2981 268 3052 atque
281 2974 441 3035 Alexandri
456 2977 560 3036 avertit
580 2983 764 3056 avertetquc,
785 2974 873 3036 modo
889 2973 927 3034 sit
942 2988 1050 3052 perpe·

93 3067 166 3198 tun}
189 3055 290 3129 huius,
311 3078 368 3138 qua
386 3061 520 3130 vivimus,
540 3061 623 3140 pacis
643 3076 727 3121 amor
740 3066 771 3120 et
785 3056 877 3118 ciuilis
892 3073 962 3116 cura
979 3073 1050 3115 con·

94 3157 148 3200 cor
168 3157 223 3199 rae.

156 3222 218 3284 XX.
243 3223 404 3286 M.Foslius
414 3224 550 3287 Flaccina
559 3224 629 3285 inde
641 3231 670 3284 et
679 3224 713 3284 L.
724 3222 856 3285 Plautius
866 3221 968 3282 Venox
979 3237 1049 3280 con·
1063 3228 1076 3276 l

93 3305 171 3368 sules
193 3308 271 3369 facti.
308 3326 343 3369 eo
364 3327 443 3370 anno
465 3309 500 3372 ab
523 3307 726 3388 frequentibus
741 3307 914 3368 Samnitium
935 3301 1079 3384 populist

93 3391 131 3452 de
154 3391 275 3454 foedere
301 3393 469 3454 renovando
496 3392 586 3471 legati
613 3409 680 3452 cnm
704 3397 838 3451 senatum
862 3388 945 3449 humi
968 3388 1052 3448 strati

93 3479 264 3548 movissent,
281 3477 385 3538 reiecti
400 3477 437 3538 ad
450 3475 592 3559 populum
603 3475 826 3556 haudquaquam
844 3481 902 3534 tam
918 3471 1053 3532 efficaces
1108 3558 1111 3564 Ι

805 3561 848 3625 Β*
