2538 3946
294 229 387 273 urana
401 233 465 274 xxr.
481 230 549 274 oar.
566 220 592 275 8.
607 219 633 274 9.
651 211 689 294 [a.
707 215 741 278 O.
758 213 821 296 218]
973 222 1034 285 211

32 383 215 438 coortum
229 384 272 437 est
284 375 403 448 bellum,
415 376 605 458 pluribusque
616 376 757 458 partibus,
769 380 816 440 rix
825 381 1036 461 accipientibus

33 460 255 542 quibusdam
276 478 366 539 opera
385 459 472 532 locis,
499 465 601 523 vineae
621 468 742 542 coeptae
761 463 809 540 agi
828 463 1035 546 admoverique

35 547 150 606 aries
188 543 359 604 abundabat
368 542 554 607 multitudine
571 545 724 608 homiuum
739 544 855 607 Poenus
869 581 904 592 -
919 549 955 609 ad
966 557 1064 610 cen-3

36 637 118 691 tum
135 628 362 708 quinquaginta
373 627 453 688 miba
464 628 641 690 habuissein
653 631 742 690 armis
755 630 825 690 satis
836 629 967 692 creditur
977 651 1034 701 -3
1062 641 1065 646 ’

36 712 218 794 oppidani
229 711 265 771 ad
278 712 373 771 omnia
393 712 499 772 tuenda
512 719 598 791 atque
609 712 744 774 obeunda
755 711 943 774 multifariam
956 715 1036 775 disti·
1051 723 1073 773 4*

38 797 126 859 neri
146 796 255 872 coepti
271 792 368 875 [sunt]
391 813 451 856 non
465 795 659 856 sufficiebant.
692 797 791 875 itaque
806 798 865 858 iam
887 797 1065 858 feriebar-5

40 890 105 942 tur
122 875 279 940 arietibus
294 879 385 948 muri,
402 886 610 958 quassataeque
626 879 735 941 multae
751 885 850 958 partes
863 888 961 950 erant;
978 899 1037 942 una

44 959 297 1025 continentibus
307 962 400 1022 ruinis
415 962 575 1024 nudaverat
588 962 707 1024 urbem:
724 964 778 1023 tris
794 963 932 1044 deinceps
946 965 1036 1026 turris

52 1040 277 1124 'arantumque
291 1046 370 1106 inter
386 1063 435 1106 eas
448 1047 526 1107 muri
542 1053 605 1106 erat
621 1063 688 1107 cum
702 1046 820 1125 fragore
836 1049 950 1127 ingenti
966 1065 1036 1128 pro·

53 1137 66 1210 ‘q
84 1131 221 1190 derunt.
245 1135 362 1208 captum
375 1130 513 1208 oppidum
524 1147 558 1190 ea
568 1131 654 1190 ruina
661 1131 848 1192 crediderant
855 1132 955 1202 Poeni,
968 1149 1033 1211 qua,
1051 1137 1068 1190 6

56 1213 153 1276 ‹elut
169 1212 196 1274 si
214 1215 326 1290 pariter
345 1213 486 1292 utrosque
502 1231 605 1274 murus
619 1215 751 1283 texisset,
774 1215 814 1276 ita
835 1217 982 1296 utrimque
1005 1217 1037 1274 in

50 1313 206 1378 pugnam
219 1313 393 1374 procursum
407 1303 461 1357 est.
490 1296 565 1357 nihil
580 1294 786 1358 tumultuariae
806 1315 923 1377 pugnae
938 1296 1034 1358 simile
1052 1306 1067 1354 7

55 1388 153 1451 erat,
179 1378 278 1458 quales
299 1381 330 1439 in
351 1379 617 1460 oppugnationibus
637 1379 754 1441 urbium
775 1398 829 1460 per
852 1382 1037 1442 occasionem

63 1464 170 1544 eartis
183 1461 302 1524 alterius
313 1464 429 1524 conseri
446 1462 555 1534 solent,
573 1464 625 1524 sed
637 1464 729 1525 iustae
745 1466 823 1524 acies
833 1463 912 1525 velut
924 1463 1038 1542 patenti

67 1564 183 1628 „rupo
201 1547 278 1606 inter
298 1547 398 1607 ruinas
412 1549 491 1608 muri
510 1554 644 1628 tectaque
667 1548 749 1609 urbis
771 1547 887 1609 modico
901 1547 1037 1607 distantia

68 1626 92 1704 ξ
107 1627 233 1690 terrallo
245 1631 445 1691 constiterant.
474 1631 545 1692 hinc
558 1630 640 1711 spes,
659 1631 730 1692 hinc
745 1630 909 1710 desperatio
924 1632 1037 1691 animos
1052 1635 1069 1688 8

70 1714 195 1782 mritat,
211 1712 311 1773 Poeno
327 1716 438 1793 cepisse
450 1717 508 1776 iam
525 1733 556 1775 se
568 1713 688 1785 urbem,
707 1716 733 1775 si
746 1714 867 1795 paulum
879 1715 1035 1785 adnitatur,

64 1797 231 1865 credente,
262 1796 429 1876 Saguntinis
446 1817 501 1878 pro
515 1799 624 1859 nudata
635 1796 790 1860 moenibus
803 1801 899 1877 patria
911 1815 1037 1878 corpora

65 1876 298 1960 opponentibus
313 1897 368 1940 nec
382 1879 442 1940 ullo
462 1882 567 1959 pedem
582 1882 745 1952 referente,
768 1899 806 1941 ne
822 1883 853 1940 in
868 1881 1005 1942 relictum
1020 1899 1037 1940 a

66 1982 107 2025 se
125 1960 223 2022 locum
239 1961 354 2023 bostem
368 1964 539 2025 inmitteret.
568 1966 668 2043 itaque
684 1983 741 2043 quo
759 1965 856 2024 acrius
868 1970 898 2024 et
921 1962 1037 2023 conier-
1052 1968 1068 2020 9

68 2048 132 2108 tim
147 2047 240 2122 magis
254 2047 402 2126 utrimque
421 2047 606 2126 pugnabant,
628 2065 664 2106 eo
687 2045 1038 2125 plures⁴urlnerahantur

70 2126 159 2189 nullo
173 2128 251 2188 inter
266 2147 347 2189 arma
363 2147 546 2209 corporaque
561 2146 635 2188 rano
646 2127 840 2189 intercidente
855 2128 923 2190 telo.
962 2129 1033 2209 pha·
1049 2135 1080 2186 to

73 2212 171 2270 lariea
187 2217 250 2269 erat
265 2212 435 2288 Saguntinis
449 2210 558 2270 missile
579 2199 670 2270 teluin
683 2210 782 2271 hastili
801 2209 925 2289 abiegno
943 2220 973 2273 et
990 2231 1036 2272 ce·

75 2301 144 2354 tera
155 2294 242 2351 tereti
253 2293 503 2371 praeterquamad
512 2299 684 2364 extremum,
697 2293 774 2354 unde
785 2293 1036 2362 ferrumextabat;

76 2375 128 2444 id,
152 2375 227 2435 sicut
239 2377 270 2436 in
285 2375 358 2455 pilo,
383 2375 555 2454 quadratum
573 2383 677 2454 stuppa
702 2375 944 2454 circumligabant
964 2377 1037 2437 line-

77 2460 209 2537 bantque
227 2461 308 2539 pice;
330 2459 442 2520 ferrum
464 2465 561 2520 autem
579 2465 641 2520 tres
661 2458 780 2538 longum
796 2457 1079 2539 habebatpedes,11

79 2550 116 2603 ut
130 2559 195 2602 cum
212 2545 301 2604 armis
320 2543 492 2621 transfigere
508 2561 616 2623 corpus
635 2549 744 2624 posset.
778 2541 831 2604 sed
850 2542 881 2603 id
901 2545 1037 2613 maxime,

84 2627 169 2686 etiam
182 2627 206 2685 si
221 2626 362 2688 haesisset
377 2628 408 2686 in
423 2633 506 2688 scuto
521 2645 576 2687 nec
590 2633 775 2706 penetrasset
795 2628 826 2688 in
842 2645 966 2706 corpus,
986 2645 1038 2707 pa·

83 2726 181 2769 vorem
192 2709 330 2781 faciebat,
355 2710 447 2790 quod,
472 2727 538 2772 cum
553 2710 681 2772 medium
697 2728 852 2772 accensum
870 2712 1035 2772 mitteretur
1048 2715 1081 2766 12

86 2799 313 2874 conceptumque
340 2797 404 2872 ipso
426 2800 507 2855 motu
528 2793 620 2854 multo
647 2794 788 2856 maiorem
813 2797 912 2874 iguem
936 2795 1037 2863 terret,

88 2894 164 2937 arma
183 2879 278 2938 omitti
298 2877 422 2957 cogebat
447 2877 617 2957 nudumque
641 2877 764 2939 militem
786 2878 822 2940 ad
849 2880 1038 2960 insequentes

88 2962 158 3018 ictus
177 2960 345 3036 praebebat.
389 2961 437 3022 tx.
464 2963 535 3024 Cum
557 2961 607 3022 diu
628 2979 736 3041 anceps
755 2962 858 3024 luisset
880 2970 1038 3031 certamen,
1052 2965 1071 3016 1·

90 3049 118 3102 et
136 3041 314 3119 Saguntinis,
340 3047 407 3125 quia
428 3055 545 3124 praeter
568 3064 650 3124 spem
671 3047 858 3115 resisterent,
880 3047 1040 3106 crevissent

91 3125 188 3194 animi,
205 3124 334 3197 PoenuS,
354 3129 421 3206 quia
438 3147 498 3188 non
512 3129 713 3209 vicisset,pro
728 3130 803 3188 ricto
821 3135 911 3199 esset,
928 3127 1065 3189 clamo-2

91 3225 151 3268 rem
170 3216 291 3285 repente
307 3209 446 3288 oppidani
466 3211 571 3272 tollunt
591 3212 764 3289 hostemque
784 3212 816 3270 ia
841 3213 941 3271 ruinas
962 3210 1039 3270 muri

93 3289 250 3370 expellunt,
267 3291 336 3353 inde
346 3292 508 3370 inpeditum
524 3294 778 3374 trepidantemque
795 3294 964 3363 exturbant,
985 3311 1038 3372 po·

94 3381 196 3436 stremo
211 3374 307 3436 iusum
324 3375 512 3455 fugatumque
526 3379 557 3436 in
572 3385 665 3438 castra
681 3377 828 3455 redigunt.

151 3459 269 3520 Interim
285 3459 321 3520 ab
336 3459 429 3520 Roma
444 3457 556 3537 legatos
577 3461 688 3520 venisse
709 3462 874 3523 nuntiatum
896 3469 953 3530 est3
975 3460 1066 3540 qui-a

771 3547 834 3611 14*
