2538 3946
347 159 441 202 uranu
454 161 519 202 xxr.
542 159 610 203 oar.
626 147 667 200 18.
685 148 726 201 19.
743 139 782 223 [a.
799 143 832 206 O.
848 141 908 226 ata]
1047 149 1110 213 tta

154 310 266 389 privato
276 305 432 386 publicone
444 306 566 368 consilio
578 307 739 384 Saguntum
751 315 947 386 oppugnatum
959 311 1005 380 sit,
1019 327 1107 389 quae·

155 391 281 452 rendum
295 407 446 461 censeam,
464 390 516 450 sed
529 396 629 452 utrum
642 391 707 450 iure
719 401 756 450 an
773 391 897 451 iniuria:
914 400 1015 452 nostra
1031 394 1138 454 enim?

154 475 227 534 hacc
242 475 373 554 quaestio
398 479 484 554 atque
504 472 716 534 animadversio
735 474 767 532 in
788 474 880 533 civem
902 481 1034 536 nostrum
1055 484 1108 546 est,

154 555 224 637 quid
236 563 337 618 nostro
352 564 402 617 aut
416 573 470 618 suo
487 557 592 618 lecerit
606 554 744 626 arbitrio;
761 555 911 617 vobiscum
922 575 980 617 nna
994 557 1108 638 discep-

153 642 225 701 tatio
235 647 299 710 est,
316 639 472 701 licueritne
486 657 540 719 per
555 638 659 700 foedus
673 639 747 700 fieri.
780 641 879 718 itaque
893 641 1032 718 quoniam
1050 641 1138 702 dis-8

154 725 237 784 cerni
252 722 364 803 placet,
387 722 457 802 quid
471 721 589 802 publico
609 721 746 793 consilio,
768 721 838 802 qnid
857 741 910 784 sua
929 729 1034 802 sponte
1053 725 1109 784 im·

153 813 305 886 penatores
318 806 441 876 faciant,
457 804 543 866 nobis
557 804 707 866 vobiscum
729 804 834 866 foedus
849 812 893 866 est
913 806 976 868 ad.
993 805 1109 867 Lutatio

154 889 273 950 consule
293 890 399 960 ictum,
422 890 453 948 in
474 907 533 968 quo
547 907 613 950 cum
636 896 788 950 caveretur
804 895 997 968 utrorumque
1011 891 1107 958 sociis,

153 971 226 1032 nihil
240 972 278 1032 de
293 973 461 1050 Saguntinis
478 1005 515 1018 -
535 971 662 1033 necdum
678 973 757 1033 enim
772 979 858 1036 erant
871 973 944 1033 socii
963 974 1052 1033 vestri
1067 1005 1109 1017 -

154 1062 269 1116 cautum
289 1062 342 1115 est.
377 1057 504 1116 atenim
530 1074 566 1117 eo
580 1055 714 1125 loedere,
731 1055 816 1134 quod
837 1071 903 1116 cum
924 1054 1137 1116 Hasdrubalett

151 1140 243 1199 ictum
254 1144 312 1208 est,
329 1139 482 1216 Saguntini
496 1140 691 1218 excipiuntur.
718 1138 857 1202 adversus
872 1138 950 1218 quod
962 1156 1017 1217 ego
1035 1137 1109 1199 nihil

152 1220 283 1282 dicturus
298 1239 379 1291 sum,
395 1223 452 1282 nisi
469 1221 547 1302 quod
563 1238 579 1281 a
593 1221 675 1282 vobis
692 1221 795 1282 didici:
816 1239 867 1282 ros
883 1223 963 1282 enim
977 1220 1056 1300 quod
1074 1222 1104 1284 G.
1118 1228 1152 1282 10

152 1303 284 1366 Lutatius
309 1304 411 1365 consul
430 1307 526 1384 primo
548 1304 701 1366 nobiscum
720 1305 824 1366 foedus
844 1306 900 1366 icit
924 1306 992 1385 quia
1013 1323 1109 1384 neque

153 1389 327 1449 auctoritate
340 1395 456 1468 patrum
479 1406 535 1450 nec
550 1387 652 1469 populi
671 1391 753 1449 iussu
773 1389 866 1450 ictum
881 1394 960 1458 arat,
980 1389 1109 1466 negastis

153 1489 204 1532 vos
220 1490 255 1532 eo
275 1473 382 1532 teneri:
399 1473 496 1552 itaque
511 1471 589 1533 aliud
604 1471 641 1533 de
655 1473 771 1549 integro
786 1471 890 1532 foedus
902 1471 1021 1551 publico
1036 1489 1108 1532 con·

152 1553 217 1615 silio
234 1556 324 1616 ictum
340 1553 393 1616 est.
426 1557 452 1616 si
472 1573 523 1616 vos
541 1573 601 1616 non
623 1562 727 1616 tenent
747 1554 867 1616 foedera
882 1562 979 1616 vestra
997 1556 1054 1615 nisi
1070 1573 1105 1616 ex
1117 1560 1149 1614 11

154 1639 324 1699 auctoritate
341 1646 391 1700 aut
401 1639 483 1700 iussu
496 1645 594 1700 vestro
607 1640 678 1709 icta,
693 1655 731 1700 ne
744 1657 798 1700 nos
808 1639 928 1720 quidem
939 1636 1106 1700 Hasdruba-

153 1717 186 1780 lis
198 1720 316 1793 loedus,
331 1721 409 1800 quod
420 1722 505 1782 nobis
516 1724 616 1784 insciis
627 1723 692 1791 icit,
708 1721 839 1801 obligare
850 1723 953 1800 potuit.
979 1721 1105 1801 proinde
1118 1727 1150 1781 12

150 1805 278 1866 omittite
293 1804 414 1883 Sagunti
430 1812 516 1885 atque
526 1805 629 1867 Hiberi
643 1807 824 1866 mentionem
840 1805 954 1876 tacere,
972 1813 1011 1876 et,
1028 1805 1107 1885 quod

152 1886 202 1948 diu
215 1890 342 1967 parturit
356 1891 470 1968 animus
482 1897 592 1960 vester,
618 1887 773 1968 aliquando
788 1889 915 1967 pariat.“
957 1889 1032 1949 Tum
1047 1889 1103 1949 Ro·
1118 1895 1150 1947 13

151 1989 255 2032 manus
277 1973 343 2033 sinu
366 1991 402 2034 ex
421 1978 490 2051 toga
503 1973 582 2034 lacto
603 1971 678 2042 „hic
686 1979 705 2004 ‘⁴
719 1973 814 2050 inquit
829 2017 848 2041 ‚,
855 1970 937 2030 robis
953 1969 1064 2031 bellum
1079 1981 1109 2031 et

150 2071 254 2132 pacem
267 2063 431 2134 portamus,
449 2065 548 2116 utrum
560 2053 668 2133 placet,
684 2056 821 2114 sumite.“
844 2052 898 2114 sub
915 2053 992 2114 hanc
1006 2071 1107 2114 rocem

151 2137 230 2198 haud
246 2140 343 2198 minus
357 2138 512 2209 ferociter,
535 2137 635 2205 daret,
659 2144 758 2198 utrum
774 2135 874 2207 vellet,
895 2135 1106 2198 subclamatum

152 2227 205 2279 est.
239 2227 268 2280 et
292 2239 359 2281 cum
379 2222 406 2280 is
426 2223 532 2281 iterum
555 2222 621 2280 sinu
641 2220 733 2280 effuso
752 2219 862 2282 bellum
882 2220 953 2281 dare
975 2219 1150 2290 dixissetis

152 2304 286 2382 accipere
306 2323 338 2364 se
367 2321 469 2364 omnes
494 2302 713 2381 responderunt
733 2313 776 2375 et,
806 2303 913 2383 quibus
938 2305 1107 2382 acciperent

152 2387 271 2458 animis,
288 2387 382 2447 isdem
397 2405 430 2448 se
444 2394 587 2465 gesturos

214 2469 289 2530 XIX.
319 2470 400 2530 llaec
421 2471 540 2531 derecta
559 2471 760 2549 percunctatio
782 2487 816 2530 ac
842 2470 1023 2531 denuntiatio
1037 2467 1134 2530 bellit

151 2553 244 2631 magis
260 2571 296 2614 ex
317 2552 458 2632 dignitate
479 2553 725 2638 populillomani
743 2555 803 2614 risa
826 2561 870 2614 est
883 2571 970 2633 quam
989 2552 1026 2614 de
1043 2553 1105 2614 loe·

151 2635 256 2697 derum
275 2638 341 2699 iure
365 2638 463 2700 verbis
489 2636 665 2717 disceptare,
687 2656 754 2699 cum
783 2644 866 2708 ante,
896 2644 960 2698 tum
981 2639 1108 2698 maxime

155 2721 286 2798 Sagunto
301 2720 406 2782 excisa.
433 2739 502 2784 narn
516 2723 542 2782 si
552 2721 709 2782 verborum
726 2721 943 2801 disceptationis
958 2739 1007 2781 res
1022 2727 1137 2791 esset,2

151 2803 221 2883 quid
234 2803 338 2866 foedus
353 2804 544 2867 Hasdrubalis
558 2823 625 2866 cum
636 2805 743 2866 Lutatii
757 2807 857 2885 priore
874 2803 1012 2876 loedere,
1028 2801 1107 2884 quod

151 2893 293 2948 mutatum
310 2895 368 2960 est,
390 2889 609 2970 conparandum
628 2898 703 2960 erat,
730 2907 798 2950 cum
815 2891 847 2949 in
869 2888 976 2950 Lutatii
990 2889 1139 2949 laederet

152 2969 259 3028 diserte
279 2970 410 3033 additum
431 2980 520 3045 esset,
535 2975 575 3034 ita
595 2973 625 3034 id
640 2981 737 3034 ratum
751 2973 830 3043 lore,
850 2975 875 3033 si
896 2971 1022 3051 populus
1037 2987 1107 3030 cen·

151 3053 270 3136 suisset,
291 3055 322 3112 in
343 3055 532 3116 Hasdrubalis
552 3055 673 3116 loedere
694 3073 750 3115 nec
772 3063 927 3132 exceptum
946 3053 1004 3114 tale
1025 3055 1107 3132 quic·

150 3133 358 3212 quam‘luerit,
375 3144 404 3196 et
417 3144 461 3197 tot
471 3155 616 3198 annorum
629 3137 745 3197 silentio
759 3139 801 3196 ita
814 3139 877 3196 rivo
892 3135 1106 3214 eo'conproba·

150 3226 213 3278 tum
227 3219 265 3278 sit
281 3217 399 3289 foedus,
422 3227 455 3279 ut
474 3237 512 3279 ne
526 3226 643 3280 mortuo
668 3219 787 3299 quidem
809 3228 928 3280 auctore
951 3220 1107 3298 quicquam

150 3309 322 3363 mutaretur.
352 3320 541 3382 quamquam,
559 3309 587 3362 et
598 3304 623 3362 si
633 3303 733 3381 priore
748 3300 868 3362 loedere
880 3310 1021 3372 staretur,
1038 3303 1135 3362 satist

151 3393 268 3448 cautum
291 3394 353 3447 erat
368 3386 535 3464 Saguntinis
550 3387 636 3446 sociis
656 3391 848 3465 utrorumque
869 3386 1006 3466 exceptis.
1038 3403 1107 3446 uam
