2538 3946
341 157 474 202 uranx.
492 156 561 200 uae.
578 143 623 196 ab.
637 144 681 196 27.
694 133 734 216 [a.
750 137 784 198 O.
801 135 863 218 295]
1019 144 1085 204 177

115 317 148 370 et
162 307 195 370 b.
210 305 377 368 Postumius
388 301 530 384 Megellus
543 309 752 384 propraetores
773 303 859 364 ambo
874 305 975 366 stativa
991 304 1023 364 in
1038 305 1081 364 eis

117 389 192 452 locis
208 388 318 450 babere
333 389 414 449 iussi.

182 473 294 534 XXVII.
326 469 468 534 Consules
483 469 520 532 ad
533 469 633 530 hostes
654 475 838 548 transgresso
854 471 1030 548 Appennino
1048 472 1106 532 inl

117 575 223 636 agrum
232 555 413 616 Sentinatem
426 559 635 634 pervenerunt.
656 552 698 614 ibi
714 563 851 632 quattuor
863 553 974 614 miliana
987 555 1080 616 terme

116 638 273 702 intervallo
289 647 384 700 eastra
396 639 500 718 posita.
526 639 605 699 iuter
619 637 718 698 hostes
729 638 835 698 deinde
851 637 1109 700 consultationem

116 723 251 796 habitae,
276 730 364 802 atque
383 723 422 784 ita
443 724 594 794 convenit,
617 739 655 782 ne
671 722 737 782 unis
758 723 862 783 castris
883 724 1081 782 miscerentur

117 825 236 876 omnes,
262 825 335 868 nere
357 806 389 866 in
411 807 505 868 aciem
531 805 745 868 descenderent
759 805 859 867 simul:
897 803 1080 866 Samnitibus

59 921 63 928 ·
116 889 208 961 Galli,
226 890 357 952 Etruscis
372 888 477 952 Umbri
491 885 607 952 adiecti.
640 889 703 952 dies
717 890 826 950 indicta
841 909 972 970 pugnae:
998 890 1113 950 Sam-'et

116 973 327 1054 nitiGallisque
336 972 469 1054 delegata
480 991 594 1054 pugna:
606 975 685 1034 inter
698 975 793 1052 ipsum
807 985 956 1035 certarnen
964 973 1080 1036 Etrusci

117 1055 280 1138 Umbrique
302 1058 374 1120 iussi
395 1066 490 1120 eastra
504 1059 636 1120 Romana
651 1076 831 1137 oppugnare.
871 1060 943 1120 baec
960 1055 1109 1118 consiliat

117 1139 276 1202 turbarunt
296 1141 467 1220 transfugae
481 1141 594 1204 Clusini
616 1149 678 1202 tres
699 1141 774 1203 clam
794 1152 880 1204 nocte
904 1143 939 1202 acl
956 1141 1079 1204 Fabium

118 1224 271 1285 consulem
286 1224 478 1302 transgressi,
501 1226 552 1304 qui
573 1223 657 1283 editis
671 1225 798 1284 bostium
822 1226 950 1286 consiliis
968 1227 1080 1286 dimissi

117 1325 186 1368 oum
202 1308 303 1378 donis,
318 1314 352 1367 ut
363 1305 501 1377 subinde,
517 1314 551 1368 ut
561 1324 694 1385 quaeque
709 1326 758 1366 res
772 1327 845 1367 nora
861 1308 979 1368 decreta
992 1316 1078 1378 esset,

118 1390 302 1469 exploratam
324 1389 502 1468 perferrent.
543 1387 678 1452 consules
698 1389 814 1462 Fulvio,
843 1399 875 1449 ut
896 1409 932 1450 cr
955 1390 1108 1460 Faliscos

116 1474 285 1543 Postumio,
307 1480 340 1534 ut
361 1490 398 1532 ex
416 1473 555 1534 Vaticano
577 1474 738 1534 exercitum
769 1474 805 1534 ad
827 1473 955 1534 Clusium
977 1474 1078 1532 admo·

116 1563 206 1618 veant
220 1574 393 1636 summaque
410 1556 438 1616 ri
453 1556 526 1616 fines
541 1556 670 1616 hostium
689 1556 920 1635 depopulentur,
934 1555 1078 1617 scribunt.

117 1641 205 1704 huius
219 1639 417 1722 populationis
428 1639 503 1702 lama
514 1640 653 1715 Etruscos
665 1659 701 1702 ex
712 1659 783 1718 agro
798 1642 950 1702 Sentinate
961 1641 998 1702 ad
1010 1645 1108 1701 suosd

117 1725 185 1785 finis
198 1725 324 1787 tuendos
338 1726 438 1786 movit.
468 1725 579 1785 instare
599 1723 666 1784 inde
683 1725 834 1798 consules,
860 1735 892 1787 ut
909 1724 1079 1786 absentibus

118 1806 165 1869 his
188 1818 379 1888 pugnaretur.
418 1826 475 1887 per
494 1808 615 1869 biduum
632 1807 788 1869 lacessiere
809 1809 922 1888 proelio
945 1811 1077 1879 bostem;

118 1888 209 1952 biduo
226 1891 299 1954 nibil
315 1893 436 1972 dignum
449 1891 529 1954 dictu
543 1899 656 1954 aetum:
671 1892 758 1971 pauci
774 1895 922 1970 utrimque
932 1892 1107 1964 ceciderat

119 1976 270 2056 magisque
284 1977 395 2039 inritati
412 1982 481 2038 sunt
495 1977 532 2037 ad
546 1977 654 2036 iustum
667 1984 815 2038 certamen
831 1978 921 2036 animi
939 1993 1026 2055 quam
1042 1976 1079 2036 ad

120 2057 279 2122 discrimen
300 2079 415 2123 summa
435 2078 536 2122 rerum
557 2059 692 2121 adducta.
727 2061 813 2120 tertio
836 2059 883 2119 die
906 2059 1079 2120 descensum

119 2143 149 2203 in
166 2162 301 2224 campum
320 2144 456 2206 omnibus
471 2145 563 2224 copiis
578 2151 630 2204 est
663 2161 730 2203 cum
751 2145 912 2204 instructae
927 2145 1005 2203 acics
1020 2149 1108 2204 sta-8

120 2234 201 2296 rent,
217 2245 303 2288 cerva
319 2227 434 2308 lugiens
448 2228 550 2309 lupum
565 2245 581 2288 e
597 2226 747 2288 montibus
767 2238 867 2288 exacta
889 2245 944 2306 per
960 2245 1079 2306 campos

120 2310 198 2368 inter
213 2309 285 2371 duas
300 2313 377 2371 acics
401 2311 546 2383 decurrit;
567 2312 636 2373 inde
657 2312 789 2372 diversae
810 2313 907 2382 serae,
930 2327 1016 2369 cerva
1041 2308 1079 2369 ad
1154 2363 1158 2370 .

122 2390 234 2462 Gallos,
261 2392 348 2472 lupus
369 2394 406 2454 ad
427 2395 575 2457 Romanos
601 2414 721 2457 cursum
750 2394 878 2455 dellerit.
922 2391 992 2473 lupo
1013 2392 1080 2454 data

121 2475 198 2534 inter
214 2475 332 2536 ordines
344 2479 404 2548 ria,
427 2495 543 2541 cervam
559 2479 634 2542 Calli
662 2479 819 2540 confixere.
855 2487 917 2538 tum
939 2496 975 2538 ex
996 2483 1108 2537 ante-9

122 2560 251 2636 signanis
264 2559 414 2622 nonanus
428 2562 527 2624 miles:
554 2564 647 2635 „illae
663 2564 756 2642 luga“
777 2564 873 2642 inquit
894 2569 950 2632 „et
971 2560 1076 2621 caedes

122 2645 220 2713 vertit,
244 2643 295 2704 ubi
314 2662 429 2705 sacram
450 2646 559 2708 Dianae
579 2648 672 2708 ieram
694 2651 840 2708 iacentem
863 2646 981 2705 videtis:
1009 2644 1080 2705 hino

123 2728 213 2788 victor
229 2728 351 2808 ltlartius
366 2726 466 2808 lupus,
487 2730 602 2807 integer
618 2738 648 2790 et
664 2732 804 2801 intactus,
824 2733 920 2809 gentis
936 2747 989 2790 nos
1003 2728 1079 2790 liar·

122 2813 177 2872 tiae
192 2820 221 2872 et
242 2812 405 2876 conditoris
424 2815 519 2875 nostri
538 2814 720 2876 admonuit.“
754 2817 858 2876 dextro
879 2833 972 2875 cornu
994 2812 1078 2888 Galli,
1091 2821 1124 2874 m

124 2894 239 2955 sinistro
255 2899 402 2958 Samnites
416 2900 620 2960 constiterunt.
657 2899 796 2959 adversus
812 2901 959 2960 Samnites
974 2898 1008 2969 Ο.
1024 2899 1078 2959 Fa·

124 2975 186 3037 bius
200 2980 327 3055 primam
344 2999 378 3041 ac
401 2984 518 3043 tertiam
536 2981 683 3060 legionem
703 3003 758 3061 pro
779 2982 881 3041 dextro
897 2999 1005 3049 cornu,
1029 2981 1080 3040 ad-

124 3077 222 3120 versus
240 3060 339 3121 Gallos
361 3081 417 3140 pro
438 3067 558 3125 sinistro
573 3065 681 3125 Decius
703 3066 834 3143 quintam
855 3073 884 3122 et
905 3073 1017 3121 sextam
1034 3063 1080 3126 in·

125 3145 236 3204 struxit.
274 3144 403 3204 secunda
425 3153 454 3206 et
475 3155 578 3225 quarta
592 3164 659 3206 oum
674 3147 707 3206 L.
724 3145 879 3209 Volumnio
903 3143 1125 3223 proconsulelt

23 3269 25 3314 4
126 3229 154 3288 ln
170 3229 289 3289 Samnio
306 3226 428 3305 gerebat
441 3227 562 3290 bellum.

23 3315 28 3329 '
182 3313 283 3373 l‘rimo
300 3329 447 3372 concursu
462 3314 535 3375 adeo
552 3311 652 3390 aequis
667 3311 778 3372 viribus
795 3318 875 3388 gesta
891 3328 939 3368 res
955 3314 1013 3379 cst,
1037 3316 1079 3380 ut,

25 3423 28 3482 '.
128 3397 150 3455 si
168 3397 328 3458 adfuissent
347 3396 464 3458 Etrusci
487 3405 516 3458 et
537 3393 642 3460 Umbri
681 3403 731 3456 aut
757 3397 789 3454 iu
813 3399 875 3456 acie
901 3395 1005 3454 autin
1032 3411 1081 3454 ca·

166 3511 189 3546 r.
202 3511 265 3548 urrr
277 3511 346 3548 ruas
359 3512 392 3549 rr.
830 3486 869 3549 12
