2542 3956
226 175 289 245 322
408 191 504 233 nmen
517 191 609 234 xxm.
624 191 695 232 car.
707 180 736 232 4.
751 177 777 230 b.
791 168 833 250 [a.
848 193 880 234 n.
896 193 923 234 c.
937 173 999 251 538]

225 340 333 403 omissa
353 339 503 420 dignitatis
522 338 724 418 libertatisque
742 338 886 398 memoria
913 336 1030 416 plebem
1055 339 1177 404 adulari:

197 422 370 496 dsalutare,
387 424 517 502 benigne
531 424 668 492 inritare,
684 420 834 500 adparatis
850 421 986 500 accipere
1000 422 1113 502 epulis,
1135 443 1178 486 eas

225 523 328 569 causas
343 510 507 588 suscipere,
525 509 552 568 ei
569 523 687 586 semper
700 507 778 584 parti
792 503 910 575 adesse,
933 506 1099 568 secundnm
1121 527 1178 569 11111

227 589 308 653 litem
325 593 437 654 iudices
452 591 537 660 dare,
555 607 630 670 quae
640 589 734 668 magis
747 587 899 669 poprdaris
911 591 1068 669 aptiorque
1082 591 1114 650 in
1124 591 1178 650 vol·

197 683 277 756 agos
300 676 395 737 favori
416 675 600 737 conciliando
625 682 715 742 esset;
731 675 791 734 iam
807 691 876 733 vero
888 671 963 734 nihil
976 675 1009 733 in
1019 681 1125 736 senatu
1136 677 1177 753 agi

224 758 323 829 aliter,
339 761 468 841 quamsi
483 758 726 839 plebisibiesset
742 755 908 816 concilium.
946 775 1042 835 prona
1067 776 1178 836 semper

224 845 325 904 civitas
338 845 370 904 in
385 844 530 905 luxuriam
547 862 607 903 non
621 843 807 924 ingeniorum
822 839 912 900 modo
925 841 1011 910 vitio,
1028 841 1084 902 sed
1101 841 1176 902 aidu-

226 929 287 987 enti
300 929 383 1006 copia
395 927 585 1006 voluptatium
598 933 628 986 et
641 924 799 985 inlecebris
809 925 906 985 omnis
920 926 1110 986 amoenitatis
1122 944 1177 986 ma·

193 1011 337 1071 britimae
353 1012 575 1088 terrestrisque,
592 1017 653 1069 tum
670 1027 741 1070 vero
755 1011 796 1069 ita
810 1007 952 1087 obsequio
967 1007 1137 1087 principum
1154 1016 1178 1068 et
1232 1061 1233 1066 ,

222 1092 339 1153 lieentia
353 1093 453 1172 plebei
467 1093 616 1163 lascivire,
633 1101 667 1154 ut
677 1110 734 1152 nec
744 1091 859 1152 libidini
874 1109 931 1152 nee
939 1092 1111 1171 sumptibus
1122 1111 1176 1152 mo
1232 1101 1233 1170 j

192 1175 274 1236 tdus
295 1184 381 1237 esset.
417 1176 453 1238 ad
476 1184 677 1257 contemptum
697 1174 796 1254 legum
818 1177 1045 1252 magistratuum
1067 1184 1177 1237 senatus

222 1263 344 1322 accessit
364 1269 441 1332 tum,
464 1269 531 1341 post
552 1262 733 1322 Cannensem
758 1258 885 1327 cladem,
909 1265 956 1327 ut,
979 1261 1067 1320 carius
1090 1259 1177 1338 aliqua

221 1345 397 1406 verecundia
413 1354 488 1415 erat,
504 1345 669 1406 Romanum
683 1347 800 1422 quoque
816 1349 993 1422 spernerent
1013 1344 1176 1423 imperium.
1232 1393 1233 1396 ,

194 1427 250 1488 rid
267 1429 354 1490 ruodo
369 1436 433 1490 erat
447 1431 478 1490 in
494 1447 591 1499 mora,
614 1447 653 1488 ne
671 1426 818 1506 extemplo
835 1425 1011 1504 deficerent,
1039 1426 1122 1507 quod
1135 1445 1175 1487 eo·
1232 1443 1233 1502 1

220 1510 343 1574 nubium
357 1521 502 1574 vetustum
519 1511 626 1573 multas
638 1511 762 1572 familias
774 1509 867 1570 claras
879 1527 914 1570 ac
930 1511 1062 1589 potentis
1078 1512 1176 1572 lloma·
1232 1503 1233 1518 ¹

192 1598 209 1650 8
221 1597 267 1654 nis
279 1599 445 1668 miscuerat,
462 1603 492 1656 et
505 1596 592 1676 quod,
609 1615 675 1656 cum
687 1594 849 1655 militarent
863 1591 973 1672 aliquot
983 1594 1065 1673 apud
1077 1595 1175 1656 Roma·

220 1694 283 1747 nos,
296 1682 456 1740 maximum
464 1678 612 1739 vinculum
621 1687 705 1739 erant
711 1680 836 1738 trecenti
848 1679 969 1756 equites,
979 1673 1176 1740 nobilissimus
1232 1679 1233 1762 1

219 1763 342 1840 quisque
365 1763 598 1840 Campanorum,
632 1763 664 1822 in
691 1761 837 1840 praesidia
864 1759 1029 1822 Sicularum
1064 1761 1174 1824 urbium
1232 1771 1233 1842 1

220 1843 327 1905 delecti
343 1843 379 1905 ab
394 1846 535 1905 Romanis
552 1864 586 1905 ac
601 1847 693 1905 missi.
1232 1843 1233 1919 1

193 1934 205 1983 1
280 1928 313 1989 V.
343 1929 455 1991 Horum
470 1936 608 2008 parentes
630 1930 806 2007 cognatique
822 1945 911 2005 aegro
926 1929 1134 2007 pervicerunt,
1149 1935 1175 1988 ut

217 2010 306 2090 legati
334 2013 371 2072 ad
399 2013 549 2074 consulem
570 2011 736 2072 Romanum
760 2013 957 2073 mitterentur.
995 2013 1018 2071 ii
1049 2012 1174 2073 nondum

219 2096 376 2156 Canusium
392 2097 571 2173 proiectum,
588 2095 640 2156 sed
655 2095 799 2156 Venusiae
810 2113 877 2155 cum
888 2097 990 2174 paucis
1007 2113 1042 2155 ac
1056 2097 1174 2158 semier-

217 2177 483 2240 mibusconsulem
506 2182 695 2248 invenerunt,
719 2197 807 2258 quam
835 2184 951 2257 poterat
975 2181 1107 2240 maxime
1127 2179 1174 2240 mi·

218 2262 375 2324 serabilem
401 2263 487 2325 bonis
517 2265 619 2332 sociis,
653 2262 787 2342 superbis
816 2269 903 2340 atque
936 2261 1121 2334 infidelibus,
1148 2269 1175 2322 ut

189 2352 303 2405 terant
325 2347 479 2424 Campani,
510 2347 720 2426 spernendum.
763 2354 793 2405 et
822 2347 903 2406 auxit
927 2364 1029 2406 rerum
1057 2364 1174 2410 suarum

217 2432 320 2508 suique
336 2438 537 2510 contemptum
559 2430 660 2490 consul
688 2431 776 2490 nimis
796 2428 961 2506 detegendo
986 2429 1102 2492 cladem
1125 2448 1173 2490 nu·

190 2517 205 2566 3
220 2511 384 2594 dandoque.
409 2533 476 2575 nam
491 2532 557 2574 cum
574 2514 664 2591 legati
678 2531 766 2590 aegre
779 2513 859 2573 ferre
871 2520 1006 2574 senatum
1021 2513 1172 2594 populum·

217 2614 274 2673 que
290 2597 470 2676 Campanum
490 2597 606 2659 adversi
620 2599 777 2676 quicquam
797 2597 930 2656 evenisse
944 2597 1086 2658 Romanis
1102 2614 1172 2658 nun·
1231 2637 1232 2648 ,

216 2681 339 2740 tiassent
365 2680 634 2761 pollicerenturque
656 2683 770 2749 omnia,
797 2697 872 2759 quae
898 2678 935 2739 ad
960 2678 1072 2742 bellum
1104 2697 1172 2760 opus

191 2767 330 2832 cessent,
345 2782 485 2832 „morem
499 2766 593 2842 magis
601 2774 620 2796 “
633 2767 730 2844 lnquit
748 2812 766 2835 „
774 2763 913 2841 loquendi
927 2782 994 2824 cum
1010 2764 1099 2824 sociis
1114 2781 1170 2824 ser·

217 2843 318 2913 vastis,
341 2845 496 2923 Campani,
517 2846 654 2907 iubentes
673 2866 748 2926 quae
773 2865 846 2926 opus
872 2853 971 2907 essent
999 2846 1036 2910 ad
1064 2846 1171 2908 bellum
1231 2917 1232 2920 Ἴ

216 2927 376 3007 imperare,
394 2946 481 3007 quarn
498 2931 706 2990 convenienter
718 2930 754 2991 ad
768 2937 955 3009 praesentem
969 2930 1107 2991 fortumae
1122 2948 1170 2990 no·
1231 2955 1232 2996 1

189 3016 294 3072 511111
309 3019 415 3074 statum
429 3010 519 3074 locuti
534 3013 613 3073 estis.
644 3013 805 3092 quidecim
820 3013 906 3074 nobis
922 3013 957 3074 ad
976 3013 1091 3078 Cannas
1106 3012 1169 3074 reli·
1231 3005 1232 3082 1

121 3105 127 3115 “
216 3102 294 3156 ctum
311 3105 363 3168 est,
378 3104 424 3166 ut,
443 3099 510 3175 quia
522 3096 630 3176 aliquid
642 3096 819 3168 habeamus,
834 3096 864 3156 id
880 3097 958 3177 qnod
970 3096 1052 3157 deest
1063 3096 1168 3177 expleri
1231 3125 1232 3140 1

215 3178 251 3238 ab
265 3181 350 3240 sociis
361 3179 500 3241 velimust
511 3180 625 3258 pedites
636 3180 718 3241 vobis
728 3182 917 3260 imperemus,
929 3187 1078 3261 tamquam
1092 3181 1169 3261 equi·

215 3268 260 3323 tes
283 3262 464 3324 habeamust
489 3265 644 3343 pecuniam
666 3263 769 3324 deesse
790 3263 935 3334 dicamus,
962 3270 1109 3344 tamquam
1138 3279 1170 3322 ea

189 3347 332 3405 tuntum
349 3346 442 3406 desiti
459 3345 545 3416 nihil,
568 3364 605 3406 ne
621 3347 699 3426 quod
720 3346 923 3427 suppleremus
938 3347 1072 3426 quidem,
1087 3345 1169 3408 notu

216 3424 335 3501 reliquit
350 3428 476 3489 fortuna.
501 3429 631 3506 legiones
647 3433 801 3509 equitatus,
818 3449 900 3492 arma
911 3431 1003 3508 signa,
1020 3431 1089 3510 equi
1103 3430 1169 3490 virl-
