2542 3956
240 218 337 260 nmen
349 218 439 260 xxm.
459 217 528 278 one.
543 205 587 258 46.
601 207 645 260 47.
664 195 704 280 [a.
723 199 758 262 0.
774 198 836 282 215]
961 203 1025 270 367

51 368 222 449 mpani,
239 363 314 426 nihil
326 364 485 428 admodum
497 365 608 427 viribus
619 368 679 428 suis
690 366 828 437 fidentes,
839 367 941 447 egredi
955 387 1024 449 por-

62 462 109 515 et
134 458 262 514 castra
276 457 345 510 ante
358 448 464 512 urbem
479 451 511 510 in
533 458 635 531 aperto
650 451 843 513 communire.
872 469 924 514 sex
944 451 1024 514 milia
1036 459 1064 511 tt

51 545 247 599 natorum
258 531 421 604 habebant,
434 534 564 614 peditem
571 533 726 606 inbellem,
741 536 871 614 equitatu
882 536 947 617 plus
958 545 1024 616 pot·

51 629 142 690 =nt3
166 619 283 698 itaque
295 617 480 696 equestribus
495 618 615 698 proeliis
629 618 811 681 lacessebant
821 619 944 683 hostem.
977 622 1021 680 in·
1035 625 1068 688 ta

54 698 241 765 &multos
262 699 377 762 nobiles
398 703 511 782 equites
533 703 698 782 Campanos
722 703 863 767 Cerrinus
883 703 1025 767 Vibellius

51 798 111 872 αι’,
146 786 345 863 cognomine
361 785 485 847 Taurea.
515 789 585 848 civis
604 787 735 853 indidem
753 796 830 858 erat,
852 787 940 868 longe
960 806 1022 849 om-

60 892 122 934 nm
144 869 383 949 Campanorum
396 870 574 936 fortissimus
588 889 693 950 eques,
709 872 782 934 adeo
798 879 844 942 ut,
863 891 930 939 curn
947 871 1024 952 apud

68 971 214 1017 manos
235 950 389 1023 militaret,
414 971 491 1015 unus
511 972 578 1015 eum
594 953 744 1016 Romanus
760 955 896 1018 Claudius
910 954 1023 1018 Asellus

59 1041 138 1102 oria
166 1037 310 1116 equestri
330 1046 478 1117 aequaret.
515 1038 595 1100 hune
615 1037 742 1109 Taurea,
766 1056 833 1100 cum
855 1039 903 1099 diu
924 1038 1022 1118 perlu-
1035 1043 1067 1096 le

63 1142 145 1184 ans
168 1119 273 1182 oculis
289 1119 488 1201 obequitasset
500 1122 627 1184 hostium
639 1125 758 1192 turmis,
777 1123 895 1184 tandem
908 1121 1023 1184 silentio

60 1215 138 1278 cto,
167 1203 232 1265 ubi
253 1211 330 1264 esset
351 1203 488 1266 Claudius
506 1203 619 1266 Asellus
636 1207 790 1283 quaesivit,
814 1215 859 1276 et,
884 1207 1021 1286 quoniam
1035 1211 1066 1261 14

66 1291 149 1353 rbis
162 1286 319 1348 seoumde
328 1287 436 1349 virtute
442 1287 592 1367 ambigere
604 1287 706 1350 solitus
714 1299 799 1359 essct,
811 1306 863 1351 cur
872 1308 932 1350 non
943 1290 1023 1351 terro

63 1376 243 1436 acerneret
255 1369 396 1451 daretque
413 1373 511 1451 opima
535 1371 627 1452 spolia
645 1375 739 1434 victus
757 1381 807 1435 aut
823 1375 916 1434 victor
937 1391 1023 1453 cape·

70 1468 96 1519 t.
151 1451 277 1517 XLVII.
307 1453 386 1515 llaec
407 1454 458 1517 ubi
473 1454 570 1517 Asello
590 1463 658 1517 sunt
678 1459 808 1518 nuntiata
820 1459 852 1518 in
866 1466 976 1527 castra,
992 1457 1050 1517 idl
1136 1453 1204 1497 «ν’

67 1542 138 1604 odo
152 1544 306 1607 moratus,
320 1544 353 1598 ut
363 1537 512 1600 consulem
524 1548 778 1619 percunctaretur,
789 1540 930 1602 liceretne
941 1549 1023 1602 extra

64 1627 198 1686 dinem
222 1623 253 1681 in
267 1630 475 1700 provocantem
492 1623 607 1686 bostem
628 1642 776 1704 pugnare,
798 1627 944 1705 permissu
961 1627 1024 1686 eius

68 1729 134 1771 =ma
160 1703 318 1785 extemplo
339 1708 430 1787 cepit,
458 1717 671 1788 provectusque
691 1716 759 1770 ante
786 1711 926 1772 stationes
946 1718 1049 1788 equos

67 1809 211 1856 auream
224 1790 524 1871 nomineconpellavit
530 1792 742 1873 congredique,
755 1792 806 1854 ubi
814 1792 914 1862 vellet,
930 1794 1022 1854 iussit.

72 1897 107 1938 m
125 1873 266 1936 Romani
280 1872 317 1934 ad
333 1874 531 1952 spectaculum
552 1894 668 1954 pugnae
689 1879 752 1937 eius
774 1878 944 1957 frequentes
964 1878 1052 1936 cxi-3

71 1970 156 2030 ant,
176 1965 210 2020 et
227 1955 368 2034 Campani
382 1975 442 2020 non
454 1957 560 2020 vallum
576 1958 663 2020 modo
679 1967 857 2031 castrorum,
875 1960 927 2020 sed
942 1978 1026 2020 moe·
1094 1989 1100 1998 ¹

72 2047 99 2110 'ra
119 2044 217 2106 etiam
235 2037 319 2101 urbis
332 2050 555 2120 prospectantes
570 2043 764 2124 repleverant.
794 2061 865 2114 cum,
880 2043 939 2122 iam
956 2050 1052 2105 antes

73 2127 216 2190 trocibus
232 2123 318 2186 dictis
332 2142 396 2186 rem
415 2125 633 2196 nobilitassent,
656 2126 771 2188 infestis
789 2127 1023 2188 hastis'concita·

76 2219 129 2272 ant
143 2225 256 2288 cquos;
274 2206 346 2266 dein
354 2206 448 2270 libero
459 2211 552 2287 spatio
563 2211 641 2270 inter
651 2229 684 2272 se
694 2209 877 2274 ludificantes
886 2212 950 2273 sine
960 2209 1022 2271 rul-

75 2311 131 2356 ere
143 2308 279 2372 pugnam
292 2291 492 2353 extrahebant.
515 2300 577 2354 tum
590 2293 753 2373 &sopanus
764 2297 896 2357 Romano
911 2302 1051 2374 ‚equo-o

74 2384 148 2438 uin‘·
160 2375 261 2453 inquit
273 2419 291 2444 „
299 2373 364 2444 hoc,
378 2393 437 2435 non
449 2378 579 2455 equitum
590 2379 646 2438 erit
657 2387 815 2449 certamen,
828 2381 885 2440 nisi
896 2397 1024 2459 ecampo

77 2479 87 2522 r
105 2477 212 2521 cavam
234 2455 312 2530 hanc
330 2460 406 2519 viam
423 2458 602 2522 demittimus
617 2479 722 2541 equos:
744 2462 786 2523 ibi
806 2462 886 2525 nullo
904 2461 942 2524 ad
957 2481 1022 2524 eva·

77 2543 196 2624 andum
207 2541 302 2620 spetIo
309 2543 472 2605 comminus
479 2552 674 2606 conserentur
684 2555 818 2608 manus.“
841 2546 919 2608 dicto
931 2553 1053 2626 proped

78 2629 150 2688 itius
166 2643 276 2705 equum
290 2625 408 2687 inviam
423 2625 559 2689 Claudius
571 2629 691 2699 deiecit;
707 2630 821 2692 'laurea
834 2630 930 2691 verbis
944 2630 1023 2690 iero·

77 2713 126 2773 ior
141 2729 231 2792 quam
250 2726 285 2768 re
299 2711 462 2781 „minime,
477 2712 544 2774 sis“
558 2713 666 2792 inquit,
688 2761 705 2786 „
714 2715 897 2776 cantherium
918 2717 950 2775 in
964 2715 1022 2775 los·

80 2802 159 2858 am.“
196 2810 271 2873 quae
287 2810 343 2854 vox
363 2795 394 2854 in
409 2796 550 2857 rusticum
571 2797 640 2877 inde
660 2798 849 2877 proverbium
869 2798 1050 2878 proditast.7

80 2879 218 2948 landino,
243 2893 311 2937 cum
334 2895 367 2938 ea
382 2879 427 2939 via
446 2877 535 2958 longe
555 2883 782 2962 perequitasset,
806 2881 918 2965 [quia],
942 2882 1022 2944 nullo

81 2961 151 3020 nno
166 2963 251 3022 hoste
266 2960 298 3020 in
312 2979 447 3042 campum
463 2981 566 3025 rursus
577 2973 694 3026 evectus
707 2967 865 3047 increpans
879 2965 1022 3044 ignaviam

82 3045 161 3106 tostis
175 3059 241 3103 cum
264 3059 370 3119 magno
388 3046 493 3123 gaudio
510 3055 540 3106 et
554 3045 749 3122 gratulatione
767 3051 859 3109 victor
878 3051 909 3106 in
927 3056 1020 3108 castra

79 3124 156 3187 edit.
183 3125 250 3187 huic
259 3141 375 3203 pugnae
388 3129 517 3204 equestri
526 3145 604 3198 rem,
617 3148 705 3208 quam
715 3148 781 3190 vera
793 3131 845 3198 sit,
858 3132 1050 3192 communiae

82 3207 182 3293 [certe]
198 3207 372 3270 existimatio
391 3215 449 3279 est,
469 3209 634 3274 mirabilem
649 3221 730 3276 certe
755 3212 884 3274 adiciunt
902 3212 1020 3293 quidam

81 3293 203 3356 rnnales:
223 3309 291 3352 cum
312 3291 509 3370 refugientem
531 3294 567 3355 ad
588 3294 692 3358 urbem
716 3298 861 3359 Tauream
884 3296 1021 3360 Claudius

83 3385 255 3458 sequeretur,
272 3376 384 3454 patenti
399 3375 526 3438 hostium
543 3387 647 3459 portae
662 3381 809 3442 invectum
825 3399 880 3461 per
897 3380 1018 3443 alteram

82 3461 258 3543 stupentibus
273 3459 416 3522 miraculo
430 3460 563 3523 hostibus
576 3464 717 3526 intactum
733 3466 867 3526 erasisse.

83 3609 91 3642 t
