2542 3956
236 174 300 238 32⁰
402 186 495 228 crana
508 187 598 228 xxrn.
611 186 679 228 oar.
697 174 720 226 1.
735 174 761 224 2.
775 173 803 224 3.
819 163 859 246 [a.
874 189 906 226 n.
922 187 947 225 c.
959 162 1023 245 538]

239 351 357 398 turones
377 334 456 412 capti
478 334 626 412 caesique,
641 335 720 392 inter
735 350 809 410 qnos
824 340 856 391 et
876 331 1004 408 Hegeas,
1026 329 1178 408 praefectus

197 427 230 480 10
241 419 385 499 equlttun,
397 417 640 495 intemperantius
649 415 787 475 cedentes
800 421 918 474 secutus
935 413 1050 473 cecidit.
1068 413 1102 474 ab
1116 411 1178 473 urbe

239 500 434 582 oppugnanda
446 500 577 560 Poenum
590 498 777 560 absterruere
790 506 948 576 conspecta
958 497 1086 566 moenia,
1098 497 1179 556 baud·

239 603 383 666 quaquam
400 591 535 662 prompta
553 583 742 662 oppugnanti.

213 677 225 728 t
299 669 333 730 11.
359 667 431 728 lndc
444 668 570 745 Capuam
592 667 682 726 lleotit
700 665 772 735 iter,
792 663 988 724 luxuriantem
1003 661 1092 741 longa
1103 662 1179 723 lelici·

240 759 299 814 tate
311 759 399 832 atque
413 749 593 827 indulgentia
610 748 758 818 fortunae,
780 749 906 808 maxime
922 755 1024 807 tamen
1040 749 1116 806 inter
1128 764 1180 805 cor·

240 843 325 916 rupta
333 836 429 896 omnia
441 832 558 893 licentia
569 831 663 911 plebis
671 834 734 892 sine
745 830 834 891 modo
844 831 1012 890 libertatem
1020 831 1180 891 exercentis.

209 925 372 980 asenatum
389 925 418 976 et
432 915 488 976 sibi
502 924 533 975 et
545 913 625 993 plebi
639 915 796 975 obnoxium
811 913 954 974 Pacuvius
968 913 1103 975 Calavius
1117 913 1182 972 lece·

240 1010 300 1071 rat,
318 1000 424 1062 nobilis
434 998 512 1058 idem
527 1016 563 1057 ac
577 997 728 1077 popularis
748 998 850 1068 bomo,
874 1005 1005 1058 ceterum
1023 996 1110 1056 malis
1124 997 1182 1055 arti·

209 1085 294 1149 abus
315 1091 439 1144 nanctus
458 1100 539 1159 opos.
577 1083 690 1142 iseum
712 1099 747 1141 eo
765 1081 843 1141 sorte
864 1099 956 1152 anno,
983 1100 1044 1160 quo
1059 1097 1107 1138 res
1120 1078 1182 1138 male

240 1176 321 1245 gesta
344 1165 381 1226 ad
395 1166 629 1226 Trasumennum
652 1173 709 1235 est,
730 1166 761 1224 in
780 1182 895 1225 summo
915 1167 1090 1242 magistratu
1111 1170 1182 1228 esset

239 1253 297 1310 ianr
314 1249 364 1310 diu
377 1249 513 1309 infestam
525 1249 638 1309 senatui
649 1247 766 1326 plebem
777 1257 859 1308 ratus
871 1265 926 1326 per
940 1249 1126 1308 occasionem
1139 1263 1182 1304 no·

240 1334 326 1394 vandl
340 1351 389 1394 res
400 1350 538 1408 magnum
550 1349 686 1392 ausuram
702 1331 830 1400 lacinus,
846 1337 892 1403 ut,
908 1331 976 1390 siin
989 1348 1024 1390 ea
1039 1329 1104 1390 loca
1118 1329 1183 1388 Han-

241 1417 320 1478 nibal
332 1435 399 1476 cum
413 1417 523 1475 victore
536 1416 666 1475 exercitu
676 1415 810 1484 venisset,
823 1415 968 1474 trucidato
980 1421 1087 1474 senatu
1100 1411 1183 1472 trade·

208 1508 286 1560 aret
298 1501 425 1578 Capuam
437 1498 557 1567 Poenis,
572 1497 715 1576 inprobus
726 1498 825 1565 homo,
843 1497 965 1558 sednon
980 1497 1016 1556 ad
1033 1505 1183 1558 extremum

239 1583 385 1662 perditus,
402 1600 468 1642 cum
484 1580 584 1642 mallet
598 1579 738 1641 incolumi
753 1599 841 1659 qnam
858 1597 959 1641 eversa
974 1579 1125 1658 republica
1140 1577 1181 1636 do·

239 1667 358 1734 minari,
382 1663 491 1724 nullam
513 1672 610 1724 antem
635 1663 814 1724 incolumem
834 1682 898 1724 esse
922 1663 1056 1724 orbatam
1079 1660 1183 1741 publico

240 1744 362 1808 consilio
377 1745 528 1816 crederet,
547 1748 693 1806 rationem
709 1749 777 1817 init,
799 1766 854 1826 qua
870 1755 899 1806 et
912 1754 1048 1808 senatum
1066 1751 1183 1808 servaret

210 1838 269 1891 tet
284 1829 441 1890 obnoxium
458 1828 560 1890 sibiae
575 1828 655 1909 plebi
671 1829 792 1890 laceret.
819 1840 920 1892 vocato
938 1839 1043 1891 senatu
1058 1847 1124 1890 cum
1138 1825 1183 1886 sibi

240 1913 412 1975 delectionis
427 1912 463 1972 ab
475 1913 614 1974 Romanis
630 1912 783 1994 consilium
799 1913 982 1992 placiturum=
996 1913 1079 1974 nullo
1094 1909 1183 1974 modo.

209 1998 296 2058 onisi
311 1997 509 2058 necessarium
527 1997 642 2068 luisset,
660 1996 809 2078 praelatus
825 2006 915 2068 esset,
931 1999 1041 2077 quippe
1058 1997 1109 2076 qui
1121 1992 1182 2053 libc-

240 2099 289 2142 ros
305 2099 340 2140 ex
353 2081 439 2158 Appii
461 2080 572 2141 Claudii
590 2079 647 2140 filia
669 2079 792 2140 baberet
813 2080 959 2160 filiamque
976 2081 1102 2142 Romam
1120 2093 1183 2152 nup·

239 2174 300 2224 tum
327 2163 372 2222 M.
401 2163 481 2222 Livio
509 2162 652 2232 dedissem
684 2171 815 2224 ceterum
840 2167 981 2225 maiorem
1006 2163 1101 2225 multo
1129 2175 1182 2218 ren

210 2247 390 2325 tmagisque
411 2245 571 2306 timendam
592 2249 717 2307 instare:
740 2265 799 2307 non
821 2250 898 2307 enim
919 2265 973 2327 per
999 2247 1183 2315 deiectionem

239 2330 274 2390 ad
288 2328 448 2389 tollendum
461 2347 496 2389 ex
508 2331 621 2391 civitate
636 2339 767 2391 senatum
783 2330 900 2410 plebem
911 2337 1059 2410 spectare,
1074 2329 1124 2390 sed
1138 2340 1184 2404 per

240 2411 359 2474 caedem
376 2419 495 2472 senatus
513 2431 633 2474 vacuam
651 2433 714 2475 rem
735 2413 883 2493 publicam
904 2413 1020 2475 tradere
1038 2405 1183 2474 Hannibali

209 2501 227 2552 ’8
240 2514 274 2556 ac
288 2495 395 2556 Poenis
406 2494 494 2565 velle;
511 2514 546 2556 eo
563 2515 594 2556 so
609 2496 741 2576 periculo
756 2515 842 2576 posse
858 2496 986 2558 liberare
1002 2516 1068 2568 eos,
1086 2498 1111 2558 si
1124 2509 1183 2571 per·

239 2579 357 2638 mittant
371 2577 427 2638 sibi
442 2585 471 2638 et
482 2581 674 2640 certaminum
686 2582 717 2640 in
732 2580 882 2660 republica
894 2581 978 2641 obliti
989 2579 1125 2649 credant,
1149 2607 1184 2622 ν

209 2667 307 2722 acum
328 2679 431 2723 omnes
452 2663 520 2722 victi
543 2672 623 2724 metu
648 2666 869 2744 permitterent,
892 2663 1077 2735 ‚‚claudam“
1099 2658 1184 2739 inquit

240 2745 294 2813 „in
313 2745 393 2804 ouria
409 2763 459 2804 vos
475 2752 519 2814 ct,
534 2753 682 2826 tamquam
697 2755 727 2809 et
740 2749 803 2827 ipse
818 2749 936 2826 cogitati
952 2748 1089 2808 facinoris
1102 2742 1182 2826 partl-

241 2843 325 2902 ceps,
342 2825 532 2904 adprobando
547 2830 682 2900 consilia,
698 2832 804 2910 quibus
819 2833 995 2912 nequiquam
1011 2831 1181 2892 adversarer,

240 2908 314 2969 viam
330 2907 415 2968 saluti
439 2915 551 2969 vestrae
574 2912 728 2972 inveniam.
760 2915 791 2973 in
813 2915 870 2975 hoc
896 2915 982 2976 iidem
1005 2933 1092 2994 quarn
1109 2909 1182 2971 voltis

199 2999 231 3052 to
240 2993 295 3070 ipsi
321 2993 475 3070 accipito.“
514 2992 571 3052 lide
600 2993 665 3054 data
686 3013 821 3074 egressus
848 2997 943 3058 claudi
967 2999 1077 3058 curiam
1102 2994 1181 3058 tutet

240 3075 476 3155 praesidiumque
490 3077 521 3137 in
537 3076 679 3138 vestibulo
697 3080 830 3161 reliquit,
851 3099 888 3142 ne
906 3084 970 3162 quis
984 3081 1064 3141 adire
1081 3079 1181 3142 curiam

216 3160 351 3220 tiniussu
365 3177 418 3220 suo
434 3177 505 3221 neve
517 3161 585 3222 inde
601 3162 701 3241 egredi
722 3167 821 3243 possit.
866 3165 914 3225 lII.
942 3163 1016 3224 Tum
1038 3171 1137 3226 vocato
1152 3157 1181 3219 ad

242 3245 408 3304 contionem
421 3241 760 3326 popu10„qu0dsaepe‘
774 3249 869 3327 inquit
881 3251 1029 3328 „optastis
1043 3243 1181 3326 campani,

241 3332 273 3384 ut
287 3325 420 3405 supplicii
438 3328 572 3387 sumendi
586 3329 666 3389 vobis
682 3330 851 3409 exinprobo
868 3350 901 3392 ac
916 3332 1078 3394 detestabili
1089 3333 1182 3392 senatu

213 3414 371 3482 apotestas
383 3417 475 3481 esset,
491 3428 554 3470 earn
565 3429 625 3473 non
638 3431 693 3492 per
707 3413 863 3476 tumultum
876 3423 1075 3497 expugnantes
1090 3416 1182 3476 domos
