2538 3946
289 173 384 216 urnae
396 175 427 216 x.
444 173 513 218 oar.
528 161 570 216 ta.
586 161 629 217 tt.
640 153 679 234 [a.
696 159 731 222 0.
745 165 806 225 298.
821 157 883 244 207]
1004 167 1064 230 161

107 339 241 402 quaeque
257 319 336 380 iutro
356 327 456 382 vocata
477 329 540 382 erat
556 323 703 392 centuria,
719 321 868 384 consulem
885 325 963 387 haud
979 326 1066 392 dubie

107 404 231 468 Fabium
259 401 384 464 dicebat.
424 412 485 464 tum
507 404 625 465 domurn
646 423 792 466 consensu
814 409 936 469 civitatis
958 413 1110 472 victumis

108 489 182 560 „dei
198 485 390 568 adprobent“
403 488 498 568 inquit
512 487 614 567 „qnod
631 491 715 567 agitis
730 491 881 568 acturique
897 486 981 562 estis,
997 495 1065 564 Oui·

107 573 190 633 nites.
223 578 370 640 ceterum,
393 573 531 650 qnoniam
550 574 582 633 in
601 591 664 644 me,
686 572 763 653 quod
780 591 831 633 vos
845 573 945 646 veritis,
962 576 1067 637 lecturi

108 657 195 726 estis,
219 656 249 716 in
271 653 382 731 collega
401 655 440 714 sit
465 673 548 716 meae
564 656 641 735 apud
655 675 706 716 vos
722 658 833 735 gratiae
849 656 945 719 locus:
961 658 992 720 P.
1011 659 1067 720 De·
1075 667 1108 719 ta

108 742 202 808 cium,
225 745 380 814 expertum
402 739 476 798 milri
502 740 643 800 concordi
667 739 790 818 collegio
812 743 920 812 virum,
944 742 1066 817 dignum

107 821 206 892 robis,
225 821 345 898 dignum
361 829 484 898 parente
499 840 567 893 suo,
592 841 700 904 quaeso
722 842 837 884 mecum
857 825 1006 886 consulem
1022 825 1036 884 i
1051 858 1063 871 ·

108 906 223 968 oiatis.“
244 905 318 964 iusta
330 905 497 983 suffragatio
510 907 578 968 visa.
606 924 794 986 omnesquae
809 918 984 987 supererant
995 926 1064 968 oen·

106 990 202 1049 turiae
216 988 250 1059 Q.
266 987 387 1048 Fabium
405 989 437 1049 Ρ.
452 989 573 1050 Decium
595 989 728 1050 consules
744 990 854 1052 dixere.
868 1026 912 1040 --
927 993 970 1053 Eo
984 1010 1061 1052 anno
1075 998 1106 1051 ts
1176 1057 1181 1066 ,

106 1070 257 1152 plerisque
281 1070 344 1131 dies
365 1072 442 1132 dicta
463 1071 499 1134 ab
515 1072 671 1142 aedilibus,
693 1076 761 1152 quia
779 1075 860 1154 plus,
882 1094 968 1154 quam
984 1075 1062 1154 quod

106 1153 174 1233 lege
188 1155 303 1215 linitum
320 1162 397 1225 erat,
413 1157 476 1233 agri
489 1156 688 1234 possiderent.
725 1175 781 1216 nee
801 1161 953 1236 quisquam
970 1160 1063 1220 sermo

107 1246 152 1298 est
165 1247 321 1317 purgetne,
338 1236 543 1318 vinculumque
560 1241 665 1316 ingens
676 1239 840 1300 inmodicae
855 1241 1006 1318 cupiditati
1019 1245 1064 1304 in·

105 1322 216 1382 iactum
236 1329 288 1382 est.

168 1404 240 1467 XlV.
281 1403 422 1465 Consules
441 1405 508 1464 novi
531 1403 564 1475 O.
586 1403 694 1466 Fabius
716 1405 858 1466 Maximus
879 1415 1015 1482 quartum
1036 1413 1090 1467 etl

105 1489 142 1552 P.
154 1488 260 1548 Decius
281 1488 345 1552 ltus
367 1489 485 1548 tertium
503 1507 570 1548 cum
591 1490 670 1549 iuter
688 1507 720 1548 se
742 1490 901 1566 agitarent,
923 1491 965 1548 uti
990 1488 1064 1550 alter

107 1573 254 1634 Samnites
271 1570 385 1642 hostes,
408 1570 482 1632 alter
501 1571 640 1632 Etruscos
654 1572 810 1650 deligeret,
832 1582 1014 1651 quantaeque
1033 1575 1092 1634 int

107 1656 185 1717 hanc
209 1656 310 1716 autin
336 1655 416 1716 illam
444 1657 624 1734 provinciam
645 1659 745 1736 copiae
766 1659 850 1728 satis,
881 1665 911 1716 et
937 1667 1002 1716 uter
1027 1656 1063 1718 ad

107 1748 206 1800 utrum
217 1738 326 1799 bellum
340 1739 398 1800 dux
408 1739 533 1800 idoneus
546 1741 639 1818 magis
652 1748 737 1812 esset,
753 1740 789 1802 ab
803 1742 901 1801 Sutrio
913 1750 943 1801 et
953 1742 1093 1818 Nepetea

108 1831 139 1882 et
159 1821 282 1883 Faleriis
308 1821 409 1900 legati,
431 1833 565 1885 auctores
586 1823 709 1884 concilia
729 1824 863 1886 Etruriae
887 1824 1062 1901 populorum
1134 1823 1135 1828 ’

108 1905 147 1966 de
164 1905 290 1983 petenda
304 1925 378 1985 pace
393 1906 511 1978 baberi,
535 1915 625 1968 tutam
646 1906 715 1967 belli
736 1906 844 1968 molem
865 1909 895 1965 iu
912 1907 1062 1966 Samnium

108 1995 286 2050 averterunt.
314 1989 438 2068 proiecti
452 1989 666 2068 consulesque
679 1990 873 2067 expeditiores
885 1995 1091 2048 commentust

110 2081 209 2133 essent
229 2082 258 2133 et
282 2074 423 2132 incertior
448 2074 554 2142 hostis,
580 2091 638 2150 qua
661 2082 815 2132 venturum
844 2069 952 2132 bellurn
980 2072 1063 2142 leret,

108 2155 217 2218 Fabius
243 2172 298 2232 per
319 2155 477 2224 Soranum,
506 2154 611 2213 Decius
637 2173 692 2232 per
715 2154 877 2216 Sidicinum
903 2173 1005 2232 agrum
1033 2157 1063 2214 in

109 2239 262 2300 Samnium
284 2236 414 2312 legiones
436 2236 554 2296 ducunt
586 2236 638 2296 ubi
657 2239 688 2297 in
708 2239 835 2298 bostium
856 2237 929 2295 fines
947 2246 1094 2296 ventumt

109 2326 167 2390 est,
182 2325 306 2395 uterque
319 2317 544 2396 populabundus
564 2319 655 2379 eliuso
675 2322 791 2400 agmine
810 2318 929 2378 incedit.
965 2317 1064 2398 explo-

108 2410 177 2464 rant
194 2409 293 2462 tamen
313 2399 398 2460 latius
417 2421 504 2480 qnam
521 2402 707 2482 populantur.
747 2403 836 2481 igitur
853 2421 912 2462 non
933 2400 1094 2462 ielellereo

109 2487 146 2548 ad
161 2486 313 2548 Tifernum
335 2484 434 2544 hostes
459 2488 490 2546 in
511 2487 624 2548 occulta
644 2483 717 2548 ualle
738 2487 887 2555 instructi,
913 2503 999 2563 quam
1019 2486 1064 2545 in·

110 2589 227 2649 gressus
241 2569 389 2630 Romanos
403 2572 554 2649 superiore
570 2589 607 2631 ex
623 2571 688 2631 loeo
709 2570 818 2631 adoriri
832 2567 984 2648 parabant.
1010 2567 1092 2628 rae

109 2653 175 2715 bins
196 2654 404 2733 inpedimentis
423 2655 453 2712 in
475 2653 572 2714 locum
594 2664 687 2715 tutum
714 2655 835 2713 remotis
861 2650 1065 2731 praesidioque

109 2737 226 2798 modico
248 2739 390 2816 inposito,
412 2738 603 2815 praemonitis
626 2735 767 2797 militibus
792 2736 893 2795 adesse
916 2743 1065 2795 certamen

110 2819 252 2898 quadrato
269 2823 385 2899 agmine
402 2820 437 2882 ad
455 2821 619 2902 praedictas
634 2821 761 2881 hostium
781 2817 908 2880 latebras
925 2819 1063 2879 succedit.

110 2903 255 2963 Samnites
266 2905 419 2982 desperato
435 2905 583 2984 inproviso
594 2903 733 2974 tumultu,
749 2903 866 2983 quando
880 2905 911 2962 in
926 2909 1094 2982 apertumtt

110 2983 202 3044 semel
217 2985 373 3046 discrimen
391 3007 510 3048 evasura
533 2998 609 3049 esset
628 3007 691 3058 res,
717 2994 746 3047 et
766 2989 823 3066 ipsi
838 2988 899 3046 acie
914 2989 988 3046 iusta
1003 2991 1064 3045 mai·

110 3066 230 3129 luerunt
241 3086 428 3130 concurrere.
459 3074 556 3150 itaque
572 3074 737 3150 inaequum
757 3069 939 3130 descendunt
954 3088 988 3128 ac
1005 3069 1064 3125 lor·

109 3159 199 3214 tunae
216 3170 248 3212 se
266 3152 377 3211 maiore
399 3157 497 3214 animo
517 3173 604 3232 quam
625 3173 678 3233 spe
696 3155 889 3213 committunt.
923 3161 1064 3219 ceterum,
1076 3155 1097 3208 t·

110 3238 170 3296 sive
188 3237 256 3316 quia
271 3253 305 3295 er
319 3237 448 3295 omniurn
464 3237 637 3297 Samnitium
661 3235 778 3316 populis
797 3234 1001 3313 quodcumque
1017 3252 1064 3292 ro·

109 3319 191 3381 boris
205 3320 302 3380 luerat
316 3326 536 3392 contraxerant,
554 3339 607 3382 seu
621 3323 688 3400 quia
699 3319 857 3380 discrimen
872 3336 1002 3378 summae
1017 3335 1064 3376 re·

110 3420 176 3464 rum
197 3403 323 3483 augebat
347 3405 474 3477 annuos,
499 3403 679 3486 aliquantum
700 3411 802 3486 aperta
824 3420 939 3482 quoque
967 3419 1068 3483 pugna

152 3518 177 3554 r.
195 3519 258 3556 narr
276 3520 345 3558 rana
364 3520 397 3559 11.
823 3492 861 3554 ll
