<?xml version="1.0" encoding="UTF-8"?>
<!DOCTYPE html PUBLIC "-//W3C//DTD XHTML 1.0 Transitional//EN"
    "http://www.w3.org/TR/xhtml1/DTD/xhtml1-transitional.dtd">
<html xmlns="http://www.w3.org/1999/xhtml" xml:lang="en" lang="en">
 <head>
  <title>
</title>
<meta http-equiv="Content-Type" content="text/html;charset=utf-8" />
  <meta name='ocr-system' content='tesseract 3.04.00' />
  <meta name='ocr-capabilities' content='ocr_page ocr_carea ocr_par ocr_line ocrx_word'/>
</head>
<body>
  <div class='ocr_page' id='page_1' title='image "./aburbeconditali08livygoog_0449.png"; bbox 0 0 2542 3956; ppageno 0'>
   <div class='ocr_carea' id='block_1_1' title="bbox 302 154 1101 232">
    <p class='ocr_par' dir='ltr' id='par_1_1' title="bbox 302 154 1101 232">
     <span class='ocr_line' id='line_1_1' title="bbox 302 154 1101 232; baseline 0.005 -17"><span class='ocrx_word' id='word_1_1' title='bbox 302 174 397 216; x_wconf 81' lang='lat' dir='ltr'><strong>nmnn</strong></span> <span class='ocrx_word' id='word_1_2' title='bbox 418 160 714 217; x_wconf 74' lang='lat' dir='ltr'><strong>1111.0A1&gt;.56.5&#39;l.</strong></span> <span class='ocrx_word' id='word_1_3' title='bbox 749 177 777 217; x_wconf 83' lang='lat' dir='ltr'><strong>a.</strong></span> <span class='ocrx_word' id='word_1_4' title='bbox 799 156 834 218; x_wconf 83' lang='lat' dir='ltr'><strong>C.</strong></span> <span class='ocrx_word' id='word_1_5' title='bbox 856 159 919 232; x_wconf 79' lang='lat'>216]</span> <span class='ocrx_word' id='word_1_6' title='bbox 1039 154 1101 218; x_wconf 90' lang='grc'><strong>311</strong></span> 
     </span>
    </p>
   </div>
   <div class='ocr_carea' id='block_1_2' title="bbox 95 321 1210 3491">
    <p class='ocr_par' dir='ltr' id='par_1_2' title="bbox 127 321 1132 1156">
     <span class='ocr_line' id='line_1_2' title="bbox 128 321 1132 400; baseline -0.002 -16"><span class='ocrx_word' id='word_1_7' title='bbox 128 321 268 384; x_wconf 89' lang='lat' dir='ltr'><strong>consulto</strong></span> <span class='ocrx_word' id='word_1_8' title='bbox 291 321 398 383; x_wconf 92' lang='lat' dir='ltr'><strong>diebus</strong></span> <span class='ocrx_word' id='word_1_9' title='bbox 419 325 545 400; x_wconf 90' lang='lat' dir='ltr'><strong>triginta</strong></span> <span class='ocrx_word' id='word_1_10' title='bbox 566 322 667 383; x_wconf 88' lang='lat' dir='ltr'><strong>luctus</strong></span> <span class='ocrx_word' id='word_1_11' title='bbox 683 330 728 383; x_wconf 91' lang='lat' dir='ltr'><strong>est</strong></span> <span class='ocrx_word' id='word_1_12' title='bbox 742 324 854 384; x_wconf 87' lang='lat' dir='ltr'><strong>linitus.</strong></span> <span class='ocrx_word' id='word_1_13' title='bbox 883 332 1018 384; x_wconf 88' lang='lat' dir='ltr'><strong>ceterum</strong></span> <span class='ocrx_word' id='word_1_14' title='bbox 1033 333 1132 384; x_wconf 79' lang='lat' dir='ltr'><strong>cumo</strong></span> 
     </span>
     <span class='ocr_line' id='line_1_3' title="bbox 130 404 1103 486; baseline 0.001 -19"><span class='ocrx_word' id='word_1_15' title='bbox 130 407 231 468; x_wconf 87' lang='lat' dir='ltr'><strong>sedato</strong></span> <span class='ocrx_word' id='word_1_16' title='bbox 244 404 330 468; x_wconf 90' lang='lat' dir='ltr'><strong>urbis</strong></span> <span class='ocrx_word' id='word_1_17' title='bbox 340 406 473 467; x_wconf 86' lang='lat' dir='ltr'><strong>tumultu</strong></span> <span class='ocrx_word' id='word_1_18' title='bbox 483 408 616 468; x_wconf 82' lang='lat' dir='ltr'><strong>revocati</strong></span> <span class='ocrx_word' id='word_1_19' title='bbox 627 409 659 467; x_wconf 92' lang='lat' dir='ltr'><strong>in</strong></span> <span class='ocrx_word' id='word_1_20' title='bbox 670 408 786 468; x_wconf 89' lang='lat' dir='ltr'><strong>curiam</strong></span> <span class='ocrx_word' id='word_1_21' title='bbox 793 414 894 486; x_wconf 87' lang='lat' dir='ltr'><strong>patres</strong></span> <span class='ocrx_word' id='word_1_22' title='bbox 904 415 1014 478; x_wconf 87' lang='lat' dir='ltr'><strong>esseut,</strong></span> <span class='ocrx_word' id='word_1_23' title='bbox 1026 407 1103 468; x_wconf 85' lang='lat' dir='ltr'><strong>aliae</strong></span> 
     </span>
     <span class='ocr_line' id='line_1_4' title="bbox 130 488 1102 570; baseline 0 -20"><span class='ocrx_word' id='word_1_24' title='bbox 130 493 254 570; x_wconf 88' lang='lat' dir='ltr'><strong>insuper</strong></span> <span class='ocrx_word' id='word_1_25' title='bbox 275 507 312 549; x_wconf 84' lang='lat' dir='ltr'><strong>ex</strong></span> <span class='ocrx_word' id='word_1_26' title='bbox 332 489 436 550; x_wconf 83' lang='lat' dir='ltr'><strong>Sicilia</strong></span> <span class='ocrx_word' id='word_1_27' title='bbox 462 489 580 550; x_wconf 89' lang='lat' dir='ltr'><strong>litterae</strong></span> <span class='ocrx_word' id='word_1_28' title='bbox 607 488 722 551; x_wconf 81' lang='lat' dir='ltr'><strong>adlatae</strong></span> <span class='ocrx_word' id='word_1_29' title='bbox 754 497 824 550; x_wconf 90' lang='lat' dir='ltr'><strong>sunt</strong></span> <span class='ocrx_word' id='word_1_30' title='bbox 849 489 888 551; x_wconf 92' lang='lat' dir='ltr'><strong>ab</strong></span> <span class='ocrx_word' id='word_1_31' title='bbox 911 491 945 550; x_wconf 86' lang='grc' dir='ltr'><strong>Τ.</strong></span> <span class='ocrx_word' id='word_1_32' title='bbox 974 491 1102 552; x_wconf 91' lang='lat' dir='ltr'><strong>Otacilio</strong></span> 
     </span>
     <span class='ocr_line' id='line_1_5' title="bbox 128 573 1129 653; baseline -0.003 -20"><span class='ocrx_word' id='word_1_33' title='bbox 128 581 342 653; x_wconf 80' lang='lat' dir='ltr'><strong>propraetore,</strong></span> <span class='ocrx_word' id='word_1_34' title='bbox 364 589 491 650; x_wconf 90' lang='lat' dir='ltr'><strong>regnum</strong></span> <span class='ocrx_word' id='word_1_35' title='bbox 505 573 646 634; x_wconf 84' lang='lat' dir='ltr'><strong>Hieronis</strong></span> <span class='ocrx_word' id='word_1_36' title='bbox 666 573 761 634; x_wconf 87' lang='lat' dir='ltr'><strong>classe</strong></span> <span class='ocrx_word' id='word_1_37' title='bbox 776 573 889 634; x_wconf 92' lang='lat' dir='ltr'><strong>Punica</strong></span> <span class='ocrx_word' id='word_1_38' title='bbox 903 576 1028 643; x_wconf 88' lang='lat' dir='ltr'><strong>vastari;</strong></span> <span class='ocrx_word' id='word_1_39' title='bbox 1051 575 1129 636; x_wconf 75' lang='lat' dir='ltr'><strong>cuit</strong></span> 
     </span>
     <span class='ocr_line' id='line_1_6' title="bbox 129 655 1102 736; baseline -0.001 -19"><span class='ocrx_word' id='word_1_40' title='bbox 129 675 199 717; x_wconf 87' lang='lat' dir='ltr'><strong>eum</strong></span> <span class='ocrx_word' id='word_1_41' title='bbox 221 674 309 736; x_wconf 89' lang='lat' dir='ltr'><strong>opem</strong></span> <span class='ocrx_word' id='word_1_42' title='bbox 335 656 509 736; x_wconf 83' lang='lat' dir='ltr'><strong>imploranti</strong></span> <span class='ocrx_word' id='word_1_43' title='bbox 529 659 610 718; x_wconf 86' lang='lat' dir='ltr'><strong>ferre</strong></span> <span class='ocrx_word' id='word_1_44' title='bbox 632 657 734 726; x_wconf 85' lang='lat' dir='ltr'><strong>vellet,</strong></span> <span class='ocrx_word' id='word_1_45' title='bbox 763 659 933 718; x_wconf 89' lang='lat' dir='ltr'><strong>nuntiatum</strong></span> <span class='ocrx_word' id='word_1_46' title='bbox 954 655 1015 717; x_wconf 91' lang='lat' dir='ltr'><strong>sibi</strong></span> <span class='ocrx_word' id='word_1_47' title='bbox 1037 675 1102 716; x_wconf 88' lang='lat' dir='ltr'><strong>esse</strong></span> 
     </span>
     <span class='ocr_line' id='line_1_7' title="bbox 129 739 1101 819; baseline -0.002 -17"><span class='ocrx_word' id='word_1_48' title='bbox 129 741 219 802; x_wconf 90' lang='lat' dir='ltr'><strong>aliam</strong></span> <span class='ocrx_word' id='word_1_49' title='bbox 231 741 357 801; x_wconf 83' lang='lat' dir='ltr'><strong>classem</strong></span> <span class='ocrx_word' id='word_1_50' title='bbox 368 739 405 800; x_wconf 97' lang='lat' dir='ltr'><strong>ad</strong></span> <span class='ocrx_word' id='word_1_51' title='bbox 416 741 536 818; x_wconf 78' lang='lat' dir='ltr'><strong>Aegatis</strong></span> <span class='ocrx_word' id='word_1_52' title='bbox 546 741 662 802; x_wconf 90' lang='lat' dir='ltr'><strong>insulas</strong></span> <span class='ocrx_word' id='word_1_53' title='bbox 673 748 752 801; x_wconf 88' lang='lat' dir='ltr'><strong>stare</strong></span> <span class='ocrx_word' id='word_1_54' title='bbox 762 747 896 819; x_wconf 88' lang='lat' dir='ltr'><strong>paratam</strong></span> <span class='ocrx_word' id='word_1_55' title='bbox 908 743 1101 801; x_wconf 88' lang='lat' dir='ltr'><strong>instructam-</strong></span> 
     </span>
     <span class='ocr_line' id='line_1_8' title="bbox 127 823 1131 903; baseline -0.002 -19"><span class='ocrx_word' id='word_1_56' title='bbox 127 841 202 903; x_wconf 87' lang='lat' dir='ltr'><strong>que,</strong></span> <span class='ocrx_word' id='word_1_57' title='bbox 225 831 273 892; x_wconf 90' lang='lat' dir='ltr'><strong>nt,</strong></span> <span class='ocrx_word' id='word_1_58' title='bbox 296 823 352 886; x_wconf 88' lang='lat' dir='ltr'><strong>ubi</strong></span> <span class='ocrx_word' id='word_1_59' title='bbox 373 841 405 884; x_wconf 93' lang='lat' dir='ltr'><strong>se</strong></span> <span class='ocrx_word' id='word_1_60' title='bbox 426 841 547 885; x_wconf 85' lang='lat' dir='ltr'><strong>versum</strong></span> <span class='ocrx_word' id='word_1_61' title='bbox 569 823 606 884; x_wconf 96' lang='lat' dir='ltr'><strong>ad</strong></span> <span class='ocrx_word' id='word_1_62' title='bbox 627 824 769 886; x_wconf 90' lang='lat' dir='ltr'><strong>tuendam</strong></span> <span class='ocrx_word' id='word_1_63' title='bbox 784 824 1000 902; x_wconf 79' lang='lat' dir='ltr'><strong>Syracusanam</strong></span> <span class='ocrx_word' id='word_1_64' title='bbox 1019 829 1131 884; x_wconf 89' lang='lat' dir='ltr'><strong>oram8</strong></span> 
     </span>
     <span class='ocr_line' id='line_1_9' title="bbox 129 906 1102 987; baseline -0.003 -19"><span class='ocrx_word' id='word_1_65' title='bbox 129 907 225 968; x_wconf 85' lang='lat' dir='ltr'><strong>Poeni</strong></span> <span class='ocrx_word' id='word_1_66' title='bbox 253 910 433 978; x_wconf 87' lang='lat' dir='ltr'><strong>sensissent,</strong></span> <span class='ocrx_word' id='word_1_67' title='bbox 468 906 642 986; x_wconf 84' lang='lat' dir='ltr'><strong>Lilybaeum</strong></span> <span class='ocrx_word' id='word_1_68' title='bbox 672 907 821 986; x_wconf 84' lang='lat' dir='ltr'><strong>extemplo</strong></span> <span class='ocrx_word' id='word_1_69' title='bbox 856 909 1102 987; x_wconf 87' lang='lat' dir='ltr'><strong>provinciamque</strong></span> 
     </span>
     <span class='ocr_line' id='line_1_10' title="bbox 129 989 1100 1071; baseline 0 -21"><span class='ocrx_word' id='word_1_70' title='bbox 129 991 219 1051; x_wconf 92' lang='lat' dir='ltr'><strong>aliam</strong></span> <span class='ocrx_word' id='word_1_71' title='bbox 240 989 404 1051; x_wconf 87' lang='lat' dir='ltr'><strong>Romanam</strong></span> <span class='ocrx_word' id='word_1_72' title='bbox 419 990 671 1069; x_wconf 81' lang='lat' dir='ltr'><strong>adgrederentur:</strong></span> <span class='ocrx_word' id='word_1_73' title='bbox 697 995 797 1071; x_wconf 90' lang='lat' dir='ltr'><strong>itaque</strong></span> <span class='ocrx_word' id='word_1_74' title='bbox 817 989 911 1052; x_wconf 89' lang='lat' dir='ltr'><strong>classe</strong></span> <span class='ocrx_word' id='word_1_75' title='bbox 934 1009 1009 1070; x_wconf 92' lang='lat' dir='ltr'><strong>opus</strong></span> <span class='ocrx_word' id='word_1_76' title='bbox 1025 1009 1100 1060; x_wconf 89' lang='lat' dir='ltr'><strong>esse,</strong></span> 
     </span>
     <span class='ocr_line' id='line_1_11' title="bbox 129 1075 880 1156; baseline -0.001 -22"><span class='ocrx_word' id='word_1_77' title='bbox 129 1077 157 1134; x_wconf 93' lang='lat' dir='ltr'><strong>si</strong></span> <span class='ocrx_word' id='word_1_78' title='bbox 178 1090 281 1152; x_wconf 90' lang='lat' dir='ltr'><strong>regem</strong></span> <span class='ocrx_word' id='word_1_79' title='bbox 303 1077 420 1135; x_wconf 90' lang='lat' dir='ltr'><strong>socium</strong></span> <span class='ocrx_word' id='word_1_80' title='bbox 441 1075 636 1156; x_wconf 84' lang='lat' dir='ltr'><strong>Siciliamque</strong></span> <span class='ocrx_word' id='word_1_81' title='bbox 658 1077 738 1135; x_wconf 89' lang='lat' dir='ltr'><strong>tueri</strong></span> <span class='ocrx_word' id='word_1_82' title='bbox 760 1075 880 1135; x_wconf 86' lang='lat' dir='ltr'><strong>vellent.</strong></span> 
     </span>
    </p>

    <p class='ocr_par' dir='ltr' id='par_1_3' title="bbox 125 1157 1210 2237">
     <span class='ocr_line' id='line_1_12' title="bbox 190 1157 1130 1237; baseline -0.005 -19"><span class='ocrx_word' id='word_1_83' title='bbox 190 1157 275 1219; x_wconf 88' lang='lat' dir='ltr'><strong>LVII.</strong></span> <span class='ocrx_word' id='word_1_84' title='bbox 298 1158 422 1219; x_wconf 90' lang='lat' dir='ltr'><strong>Litteris</strong></span> <span class='ocrx_word' id='word_1_85' title='bbox 444 1158 578 1219; x_wconf 91' lang='lat' dir='ltr'><strong>consulis</strong></span> <span class='ocrx_word' id='word_1_86' title='bbox 599 1160 807 1237; x_wconf 84' lang='lat' dir='ltr'><strong>praetorisque</strong></span> <span class='ocrx_word' id='word_1_87' title='bbox 827 1159 910 1218; x_wconf 76' lang='lat' dir='ltr'><strong>lectis</strong></span> <span class='ocrx_word' id='word_1_88' title='bbox 925 1163 1104 1217; x_wconf 80' lang='lat' dir='ltr'><strong>censuerunt</strong></span> <span class='ocrx_word' id='word_1_89' title='bbox 1115 1164 1130 1212; x_wconf 88' lang='lat'>1</span> 
     </span>
     <span class='ocr_line' id='line_1_13' title="bbox 125 1241 1102 1320; baseline 0.002 -22"><span class='ocrx_word' id='word_1_90' title='bbox 125 1247 296 1316; x_wconf 78' lang='lat' dir='ltr'><strong>praetorem</strong></span> <span class='ocrx_word' id='word_1_91' title='bbox 309 1241 348 1301; x_wconf 85' lang='lat' dir='ltr'><strong>ll.</strong></span> <span class='ocrx_word' id='word_1_92' title='bbox 365 1241 533 1311; x_wconf 89' lang='lat' dir='ltr'><strong>Claudium,</strong></span> <span class='ocrx_word' id='word_1_93' title='bbox 556 1244 609 1320; x_wconf 89' lang='lat' dir='ltr'><strong>qui</strong></span> <span class='ocrx_word' id='word_1_94' title='bbox 623 1241 713 1302; x_wconf 83' lang='lat' dir='ltr'><strong>classi</strong></span> <span class='ocrx_word' id='word_1_95' title='bbox 728 1241 765 1300; x_wconf 98' lang='lat' dir='ltr'><strong>ad</strong></span> <span class='ocrx_word' id='word_1_96' title='bbox 779 1241 894 1302; x_wconf 84' lang='lat' dir='ltr'><strong>Ostiam</strong></span> <span class='ocrx_word' id='word_1_97' title='bbox 908 1241 1000 1301; x_wconf 88' lang='lat' dir='ltr'><strong>stanti</strong></span> <span class='ocrx_word' id='word_1_98' title='bbox 1013 1259 1102 1320; x_wconf 92' lang='lat' dir='ltr'><strong>prae·</strong></span> 
     </span>
     <span class='ocr_line' id='line_1_14' title="bbox 128 1322 1102 1403; baseline -0.002 -19"><span class='ocrx_word' id='word_1_99' title='bbox 128 1332 216 1394; x_wconf 91' lang='lat' dir='ltr'><strong>esset,</strong></span> <span class='ocrx_word' id='word_1_100' title='bbox 240 1325 402 1385; x_wconf 82' lang='lat' dir='ltr'><strong>Canusium</strong></span> <span class='ocrx_word' id='word_1_101' title='bbox 417 1325 454 1385; x_wconf 92' lang='lat' dir='ltr'><strong>ad</strong></span> <span class='ocrx_word' id='word_1_102' title='bbox 468 1327 636 1386; x_wconf 83' lang='lat' dir='ltr'><strong>exercitum</strong></span> <span class='ocrx_word' id='word_1_103' title='bbox 645 1325 833 1392; x_wconf 90' lang='lat' dir='ltr'><strong>mittendum,</strong></span> <span class='ocrx_word' id='word_1_104' title='bbox 850 1322 1102 1403; x_wconf 90' lang='lat' dir='ltr'><strong>scribendumque</strong></span> 
     </span>
     <span class='ocr_line' id='line_1_15' title="bbox 127 1406 1102 1488; baseline -0.002 -21"><span class='ocrx_word' id='word_1_105' title='bbox 127 1406 261 1476; x_wconf 88' lang='lat' dir='ltr'><strong>consuli,</strong></span> <span class='ocrx_word' id='word_1_106' title='bbox 285 1415 332 1477; x_wconf 88' lang='lat' dir='ltr'><strong>ut,</strong></span> <span class='ocrx_word' id='word_1_107' title='bbox 357 1425 427 1468; x_wconf 88' lang='lat' dir='ltr'><strong>oum</strong></span> <span class='ocrx_word' id='word_1_108' title='bbox 448 1410 582 1488; x_wconf 87' lang='lat' dir='ltr'><strong>praetori</strong></span> <span class='ocrx_word' id='word_1_109' title='bbox 605 1410 771 1469; x_wconf 84' lang='lat' dir='ltr'><strong>exercitum</strong></span> <span class='ocrx_word' id='word_1_110' title='bbox 792 1406 979 1476; x_wconf 91' lang='lat' dir='ltr'><strong>tradidisset,</strong></span> <span class='ocrx_word' id='word_1_111' title='bbox 1001 1408 1102 1485; x_wconf 91' lang='lat' dir='ltr'><strong>primo</strong></span> 
     </span>
     <span class='ocr_line' id='line_1_16' title="bbox 127 1487 1102 1572; baseline -0.002 -22"><span class='ocrx_word' id='word_1_112' title='bbox 127 1509 247 1570; x_wconf 92' lang='lat' dir='ltr'><strong>quoque</strong></span> <span class='ocrx_word' id='word_1_113' title='bbox 268 1497 419 1571; x_wconf 90' lang='lat' dir='ltr'><strong>tempore,</strong></span> <span class='ocrx_word' id='word_1_114' title='bbox 447 1500 590 1572; x_wconf 88' lang='lat' dir='ltr'><strong>quantum</strong></span> <span class='ocrx_word' id='word_1_115' title='bbox 611 1510 668 1572; x_wconf 89' lang='lat' dir='ltr'><strong>per</strong></span> <span class='ocrx_word' id='word_1_116' title='bbox 690 1490 879 1552; x_wconf 89' lang='lat' dir='ltr'><strong>commodum</strong></span> <span class='ocrx_word' id='word_1_117' title='bbox 900 1487 1102 1568; x_wconf 88' lang='lat' dir='ltr'><strong>reipublicae</strong></span> 
     </span>
     <span class='ocr_line' id='line_1_17' title="bbox 127 1574 1131 1654; baseline -0.006 -20"><span class='ocrx_word' id='word_1_118' title='bbox 127 1576 195 1634; x_wconf 86' lang='lat' dir='ltr'><strong>lieri</strong></span> <span class='ocrx_word' id='word_1_119' title='bbox 216 1583 332 1654; x_wconf 89' lang='lat' dir='ltr'><strong>posset,</strong></span> <span class='ocrx_word' id='word_1_120' title='bbox 356 1574 480 1636; x_wconf 88' lang='lat' dir='ltr'><strong>Romam</strong></span> <span class='ocrx_word' id='word_1_121' title='bbox 494 1577 621 1636; x_wconf 85' lang='lat' dir='ltr'><strong>veniret.</strong></span> <span class='ocrx_word' id='word_1_122' title='bbox 658 1577 758 1636; x_wconf 88' lang='lat' dir='ltr'><strong>territi</strong></span> <span class='ocrx_word' id='word_1_123' title='bbox 781 1576 871 1635; x_wconf 84' lang='lat' dir='ltr'><strong>aliam</strong></span> <span class='ocrx_word' id='word_1_124' title='bbox 892 1591 983 1653; x_wconf 90' lang='lat' dir='ltr'><strong>super</strong></span> <span class='ocrx_word' id='word_1_125' title='bbox 1004 1579 1131 1634; x_wconf 79' lang='lat' dir='ltr'><strong>tantas2</strong></span> 
     </span>
     <span class='ocr_line' id='line_1_18' title="bbox 128 1653 1103 1740; baseline -0.002 -22"><span class='ocrx_word' id='word_1_126' title='bbox 128 1658 230 1718; x_wconf 91' lang='lat' dir='ltr'><strong>clades</strong></span> <span class='ocrx_word' id='word_1_127' title='bbox 253 1677 323 1718; x_wconf 89' lang='lat' dir='ltr'><strong>cum</strong></span> <span class='ocrx_word' id='word_1_128' title='bbox 345 1661 457 1720; x_wconf 89' lang='lat' dir='ltr'><strong>coteris</strong></span> <span class='ocrx_word' id='word_1_129' title='bbox 471 1653 628 1740; x_wconf 86' lang='lat' dir='ltr'><strong>prodigiis,</strong></span> <span class='ocrx_word' id='word_1_130' title='bbox 651 1669 717 1720; x_wconf 93' lang='lat' dir='ltr'><strong>tum</strong></span> <span class='ocrx_word' id='word_1_131' title='bbox 732 1657 812 1737; x_wconf 93' lang='lat' dir='ltr'><strong>quod</strong></span> <span class='ocrx_word' id='word_1_132' title='bbox 826 1657 902 1719; x_wconf 91' lang='lat' dir='ltr'><strong>duae</strong></span> <span class='ocrx_word' id='word_1_133' title='bbox 916 1657 1051 1718; x_wconf 89' lang='lat' dir='ltr'><strong>Vestales</strong></span> <span class='ocrx_word' id='word_1_134' title='bbox 1067 1675 1103 1716; x_wconf 86' lang='lat' dir='ltr'><strong>eo</strong></span> 
     </span>
     <span class='ocr_line' id='line_1_19' title="bbox 128 1739 1210 1823; baseline -0.003 -21"><span class='ocrx_word' id='word_1_135' title='bbox 128 1759 221 1812; x_wconf 88' lang='lat' dir='ltr'><strong>anno,</strong></span> <span class='ocrx_word' id='word_1_136' title='bbox 247 1741 366 1821; x_wconf 86' lang='lat' dir='ltr'><strong>Opimia</strong></span> <span class='ocrx_word' id='word_1_137' title='bbox 382 1751 470 1823; x_wconf 90' lang='lat' dir='ltr'><strong>atque</strong></span> <span class='ocrx_word' id='word_1_138' title='bbox 484 1743 636 1814; x_wconf 84' lang='lat' dir='ltr'><strong>Floronia,</strong></span> <span class='ocrx_word' id='word_1_139' title='bbox 652 1744 751 1822; x_wconf 83' lang='lat' dir='ltr'><strong>stupri</strong></span> <span class='ocrx_word' id='word_1_140' title='bbox 767 1749 938 1820; x_wconf 86' lang='lat' dir='ltr'><strong>coopertae,</strong></span> <span class='ocrx_word' id='word_1_141' title='bbox 962 1739 1103 1801; x_wconf 89' lang='lat' dir='ltr'><strong>etaltera</strong></span> <span class='ocrx_word' id='word_1_142' title='bbox 1204 1769 1210 1779; x_wconf 81' lang='lat'>=</span> 
     </span>
     <span class='ocr_line' id='line_1_20' title="bbox 128 1825 1101 1907; baseline -0.003 -21"><span class='ocrx_word' id='word_1_143' title='bbox 128 1825 184 1886; x_wconf 91' lang='lat' dir='ltr'><strong>sub</strong></span> <span class='ocrx_word' id='word_1_144' title='bbox 200 1832 291 1895; x_wconf 90' lang='lat' dir='ltr'><strong>terra,</strong></span> <span class='ocrx_word' id='word_1_145' title='bbox 310 1828 356 1886; x_wconf 92' lang='lat' dir='ltr'><strong>uti</strong></span> <span class='ocrx_word' id='word_1_146' title='bbox 370 1845 436 1886; x_wconf 92' lang='lat' dir='ltr'><strong>mos</strong></span> <span class='ocrx_word' id='word_1_147' title='bbox 451 1835 506 1899; x_wconf 89' lang='lat' dir='ltr'><strong>est,</strong></span> <span class='ocrx_word' id='word_1_148' title='bbox 527 1827 563 1886; x_wconf 91' lang='lat' dir='ltr'><strong>ad</strong></span> <span class='ocrx_word' id='word_1_149' title='bbox 578 1834 697 1907; x_wconf 89' lang='lat' dir='ltr'><strong>portam</strong></span> <span class='ocrx_word' id='word_1_150' title='bbox 711 1825 858 1887; x_wconf 82' lang='lat' dir='ltr'><strong>Collinam</strong></span> <span class='ocrx_word' id='word_1_151' title='bbox 872 1831 977 1885; x_wconf 90' lang='lat' dir='ltr'><strong>necata</strong></span> <span class='ocrx_word' id='word_1_152' title='bbox 992 1825 1101 1892; x_wconf 89' lang='lat' dir='ltr'><strong>luerat,</strong></span> 
     </span>
     <span class='ocr_line' id='line_1_21' title="bbox 127 1905 1131 1989; baseline -0.008 -20"><span class='ocrx_word' id='word_1_153' title='bbox 127 1909 223 1969; x_wconf 89' lang='lat' dir='ltr'><strong>altera</strong></span> <span class='ocrx_word' id='word_1_154' title='bbox 231 1907 354 1970; x_wconf 90' lang='lat' dir='ltr'><strong>sibimet</strong></span> <span class='ocrx_word' id='word_1_155' title='bbox 366 1912 431 1989; x_wconf 89' lang='lat' dir='ltr'><strong>ipsa</strong></span> <span class='ocrx_word' id='word_1_156' title='bbox 442 1917 570 1972; x_wconf 89' lang='lat' dir='ltr'><strong>mortem</strong></span> <span class='ocrx_word' id='word_1_157' title='bbox 582 1913 778 1974; x_wconf 86' lang='lat' dir='ltr'><strong>consciverat.</strong></span> <span class='ocrx_word' id='word_1_158' title='bbox 801 1908 835 1969; x_wconf 88' lang='lat' dir='ltr'><strong>L.</strong></span> <span class='ocrx_word' id='word_1_159' title='bbox 844 1908 989 1968; x_wconf 89' lang='lat' dir='ltr'><strong>Cantilius</strong></span> <span class='ocrx_word' id='word_1_160' title='bbox 1001 1905 1131 1968; x_wconf 73' lang='lat' dir='ltr'><strong>scribae</strong></span> 
     </span>
     <span class='ocr_line' id='line_1_22' title="bbox 127 1991 1104 2073; baseline -0.003 -21"><span class='ocrx_word' id='word_1_161' title='bbox 127 1993 289 2071; x_wconf 87' lang='lat' dir='ltr'><strong>pontificis,</strong></span> <span class='ocrx_word' id='word_1_162' title='bbox 306 2011 381 2073; x_wconf 92' lang='lat' dir='ltr'><strong>quos</strong></span> <span class='ocrx_word' id='word_1_163' title='bbox 394 2011 474 2054; x_wconf 91' lang='lat' dir='ltr'><strong>nunc</strong></span> <span class='ocrx_word' id='word_1_164' title='bbox 486 1996 617 2055; x_wconf 91' lang='lat' dir='ltr'><strong>minores</strong></span> <span class='ocrx_word' id='word_1_165' title='bbox 628 1993 786 2073; x_wconf 90' lang='lat' dir='ltr'><strong>pontifices</strong></span> <span class='ocrx_word' id='word_1_166' title='bbox 798 1991 957 2070; x_wconf 89' lang='lat' dir='ltr'><strong>adpellant,</strong></span> <span class='ocrx_word' id='word_1_167' title='bbox 974 1992 1104 2068; x_wconf 89' lang='lat' dir='ltr'><strong>quicum</strong></span> 
     </span>
     <span class='ocr_line' id='line_1_23' title="bbox 126 2075 1103 2156; baseline -0.004 -20"><span class='ocrx_word' id='word_1_168' title='bbox 126 2075 269 2137; x_wconf 85' lang='lat' dir='ltr'><strong>Floronia</strong></span> <span class='ocrx_word' id='word_1_169' title='bbox 291 2084 429 2156; x_wconf 89' lang='lat' dir='ltr'><strong>stuprum</strong></span> <span class='ocrx_word' id='word_1_170' title='bbox 450 2080 573 2146; x_wconf 89' lang='lat' dir='ltr'><strong>lecerat,</strong></span> <span class='ocrx_word' id='word_1_171' title='bbox 596 2095 613 2136; x_wconf 92' lang='lat' dir='ltr'><strong>a</strong></span> <span class='ocrx_word' id='word_1_172' title='bbox 634 2076 776 2156; x_wconf 90' lang='lat' dir='ltr'><strong>pontifice</strong></span> <span class='ocrx_word' id='word_1_173' title='bbox 798 2077 928 2136; x_wconf 80' lang='lat' dir='ltr'><strong>maximo</strong></span> <span class='ocrx_word' id='word_1_174' title='bbox 951 2091 986 2134; x_wconf 89' lang='lat' dir='ltr'><strong>eo</strong></span> <span class='ocrx_word' id='word_1_175' title='bbox 1008 2090 1103 2152; x_wconf 90' lang='lat' dir='ltr'><strong>usque</strong></span> 
     </span>
     <span class='ocr_line' id='line_1_24' title="bbox 127 2157 1102 2237; baseline -0.002 -19"><span class='ocrx_word' id='word_1_176' title='bbox 127 2162 221 2237; x_wconf 87' lang='lat' dir='ltr'><strong>virgis</strong></span> <span class='ocrx_word' id='word_1_177' title='bbox 242 2163 274 2220; x_wconf 91' lang='lat' dir='ltr'><strong>in</strong></span> <span class='ocrx_word' id='word_1_178' title='bbox 297 2161 419 2220; x_wconf 90' lang='lat' dir='ltr'><strong>comitio</strong></span> <span class='ocrx_word' id='word_1_179' title='bbox 435 2177 540 2220; x_wconf 85' lang='lat' dir='ltr'><strong>caesus</strong></span> <span class='ocrx_word' id='word_1_180' title='bbox 557 2167 630 2228; x_wconf 89' lang='lat' dir='ltr'><strong>erat,</strong></span> <span class='ocrx_word' id='word_1_181' title='bbox 654 2167 687 2220; x_wconf 91' lang='lat' dir='ltr'><strong>ut</strong></span> <span class='ocrx_word' id='word_1_182' title='bbox 702 2161 782 2220; x_wconf 87' lang='lat' dir='ltr'><strong>inter</strong></span> <span class='ocrx_word' id='word_1_183' title='bbox 796 2157 923 2220; x_wconf 86' lang='lat' dir='ltr'><strong>verbera</strong></span> <span class='ocrx_word' id='word_1_184' title='bbox 940 2159 1102 2237; x_wconf 83' lang='lat' dir='ltr'><strong>expiraret.</strong></span> 
     </span>
    </p>

    <p class='ocr_par' dir='ltr' id='par_1_4' title="bbox 95 2241 1133 2984">
     <span class='ocr_line' id='line_1_25' title="bbox 95 2241 1133 2322; baseline -0.008 -20"><span class='ocrx_word' id='word_1_185' title='bbox 95 2267 98 2270; x_wconf 95' lang='lat'>·</span> <span class='ocrx_word' id='word_1_186' title='bbox 128 2241 186 2303; x_wconf 94' lang='lat' dir='ltr'><strong>hoc</strong></span> <span class='ocrx_word' id='word_1_187' title='bbox 201 2244 286 2303; x_wconf 86' lang='lat' dir='ltr'><strong>nefas</strong></span> <span class='ocrx_word' id='word_1_188' title='bbox 303 2260 372 2302; x_wconf 91' lang='lat' dir='ltr'><strong>cum</strong></span> <span class='ocrx_word' id='word_1_189' title='bbox 387 2245 466 2304; x_wconf 90' lang='lat' dir='ltr'><strong>inter</strong></span> <span class='ocrx_word' id='word_1_190' title='bbox 480 2249 539 2313; x_wconf 93' lang='lat' dir='ltr'><strong>tot,</strong></span> <span class='ocrx_word' id='word_1_191' title='bbox 563 2250 597 2303; x_wconf 92' lang='lat' dir='ltr'><strong>ut</strong></span> <span class='ocrx_word' id='word_1_192' title='bbox 610 2243 659 2313; x_wconf 88' lang='lat' dir='ltr'><strong>lit,</strong></span> <span class='ocrx_word' id='word_1_193' title='bbox 684 2243 783 2304; x_wconf 89' lang='lat' dir='ltr'><strong>clades</strong></span> <span class='ocrx_word' id='word_1_194' title='bbox 803 2244 836 2303; x_wconf 92' lang='lat' dir='ltr'><strong>in</strong></span> <span class='ocrx_word' id='word_1_195' title='bbox 851 2241 1023 2322; x_wconf 82' lang='lat' dir='ltr'><strong>prodigium</strong></span> <span class='ocrx_word' id='word_1_196' title='bbox 1037 2245 1133 2300; x_wconf 80' lang='lat' dir='ltr'><strong>ver-4</strong></span> 
     </span>
     <span class='ocr_line' id='line_1_26' title="bbox 129 2323 1131 2395; baseline -0.006 -9"><span class='ocrx_word' id='word_1_197' title='bbox 129 2343 196 2386; x_wconf 88' lang='lat' dir='ltr'><strong>sum</strong></span> <span class='ocrx_word' id='word_1_198' title='bbox 211 2332 298 2395; x_wconf 89' lang='lat' dir='ltr'><strong>esset,</strong></span> <span class='ocrx_word' id='word_1_199' title='bbox 322 2324 485 2388; x_wconf 85' lang='lat' dir='ltr'><strong>decemviri</strong></span> <span class='ocrx_word' id='word_1_200' title='bbox 499 2326 596 2387; x_wconf 92' lang='lat' dir='ltr'><strong>libros</strong></span> <span class='ocrx_word' id='word_1_201' title='bbox 612 2325 696 2387; x_wconf 90' lang='lat' dir='ltr'><strong>adire</strong></span> <span class='ocrx_word' id='word_1_202' title='bbox 711 2328 787 2387; x_wconf 89' lang='lat' dir='ltr'><strong>iussi</strong></span> <span class='ocrx_word' id='word_1_203' title='bbox 802 2333 880 2394; x_wconf 89' lang='lat' dir='ltr'><strong>sunt,</strong></span> <span class='ocrx_word' id='word_1_204' title='bbox 898 2333 927 2384; x_wconf 92' lang='lat' dir='ltr'><strong>et</strong></span> <span class='ocrx_word' id='word_1_205' title='bbox 942 2325 976 2394; x_wconf 87' lang='lat' dir='ltr'><strong>Q.</strong></span> <span class='ocrx_word' id='word_1_206' title='bbox 992 2323 1131 2384; x_wconf 81' lang='lat' dir='ltr'><strong>Fabiuso</strong></span> 
     </span>
     <span class='ocr_line' id='line_1_27' title="bbox 128 2408 1102 2488; baseline -0.005 -17"><span class='ocrx_word' id='word_1_207' title='bbox 128 2410 231 2471; x_wconf 88' lang='lat' dir='ltr'><strong>Pictor</strong></span> <span class='ocrx_word' id='word_1_208' title='bbox 245 2408 374 2488; x_wconf 88' lang='lat' dir='ltr'><strong>Delphos</strong></span> <span class='ocrx_word' id='word_1_209' title='bbox 390 2410 427 2470; x_wconf 93' lang='lat' dir='ltr'><strong>ad</strong></span> <span class='ocrx_word' id='word_1_210' title='bbox 449 2410 604 2471; x_wconf 89' lang='lat' dir='ltr'><strong>oraculum</strong></span> <span class='ocrx_word' id='word_1_211' title='bbox 617 2413 727 2472; x_wconf 91' lang='lat' dir='ltr'><strong>missus</strong></span> <span class='ocrx_word' id='word_1_212' title='bbox 743 2418 788 2471; x_wconf 90' lang='lat' dir='ltr'><strong>est</strong></span> <span class='ocrx_word' id='word_1_213' title='bbox 809 2411 1004 2470; x_wconf 90' lang='lat' dir='ltr'><strong>sciscitatum.</strong></span> <span class='ocrx_word' id='word_1_214' title='bbox 1035 2409 1102 2486; x_wconf 91' lang='lat' dir='ltr'><strong>qui·</strong></span> 
     </span>
     <span class='ocr_line' id='line_1_28' title="bbox 128 2492 1102 2574; baseline -0.002 -22"><span class='ocrx_word' id='word_1_215' title='bbox 128 2492 186 2552; x_wconf 92' lang='lat' dir='ltr'><strong>bus</strong></span> <span class='ocrx_word' id='word_1_216' title='bbox 201 2492 345 2572; x_wconf 90' lang='lat' dir='ltr'><strong>precibus</strong></span> <span class='ocrx_word' id='word_1_217' title='bbox 361 2493 576 2574; x_wconf 88' lang='lat' dir='ltr'><strong>suppliciisque</strong></span> <span class='ocrx_word' id='word_1_218' title='bbox 592 2493 663 2555; x_wconf 85' lang='lat' dir='ltr'><strong>deos</strong></span> <span class='ocrx_word' id='word_1_219' title='bbox 677 2500 800 2573; x_wconf 89' lang='lat' dir='ltr'><strong>possent</strong></span> <span class='ocrx_word' id='word_1_220' title='bbox 814 2493 943 2573; x_wconf 89' lang='lat' dir='ltr'><strong>placare,</strong></span> <span class='ocrx_word' id='word_1_221' title='bbox 967 2499 996 2552; x_wconf 91' lang='lat' dir='ltr'><strong>et</strong></span> <span class='ocrx_word' id='word_1_222' title='bbox 1012 2507 1102 2570; x_wconf 86' lang='lat' dir='ltr'><strong>quae-</strong></span> 
     </span>
     <span class='ocr_line' id='line_1_29' title="bbox 128 2573 1131 2640; baseline -0.008 -4"><span class='ocrx_word' id='word_1_223' title='bbox 128 2594 198 2636; x_wconf 89' lang='lat' dir='ltr'><strong>nam</strong></span> <span class='ocrx_word' id='word_1_224' title='bbox 213 2578 316 2638; x_wconf 87' lang='lat' dir='ltr'><strong>lutura</strong></span> <span class='ocrx_word' id='word_1_225' title='bbox 331 2577 399 2638; x_wconf 89' lang='lat' dir='ltr'><strong>finis</strong></span> <span class='ocrx_word' id='word_1_226' title='bbox 410 2581 502 2639; x_wconf 92' lang='lat' dir='ltr'><strong>tantis</strong></span> <span class='ocrx_word' id='word_1_227' title='bbox 518 2578 654 2640; x_wconf 91' lang='lat' dir='ltr'><strong>cladibus</strong></span> <span class='ocrx_word' id='word_1_228' title='bbox 665 2580 753 2638; x_wconf 89' lang='lat' dir='ltr'><strong>loret.</strong></span> <span class='ocrx_word' id='word_1_229' title='bbox 777 2578 899 2640; x_wconf 90' lang='lat' dir='ltr'><strong>interim</strong></span> <span class='ocrx_word' id='word_1_230' title='bbox 912 2593 948 2635; x_wconf 85' lang='lat' dir='ltr'><strong>ex</strong></span> <span class='ocrx_word' id='word_1_231' title='bbox 959 2573 1131 2635; x_wconf 79' lang='lat' dir='ltr'><strong>fatalibuse</strong></span> 
     </span>
     <span class='ocr_line' id='line_1_30' title="bbox 129 2659 1101 2742; baseline 0 -23"><span class='ocrx_word' id='word_1_232' title='bbox 129 2659 218 2720; x_wconf 91' lang='lat' dir='ltr'><strong>libris</strong></span> <span class='ocrx_word' id='word_1_233' title='bbox 240 2661 389 2722; x_wconf 89' lang='lat' dir='ltr'><strong>sacrificia</strong></span> <span class='ocrx_word' id='word_1_234' title='bbox 411 2662 525 2742; x_wconf 88' lang='lat' dir='ltr'><strong>aliquot</strong></span> <span class='ocrx_word' id='word_1_235' title='bbox 547 2662 784 2723; x_wconf 83' lang='lat' dir='ltr'><strong>extraordinaria</strong></span> <span class='ocrx_word' id='word_1_236' title='bbox 805 2663 900 2729; x_wconf 88' lang='lat' dir='ltr'><strong>lacta;</strong></span> <span class='ocrx_word' id='word_1_237' title='bbox 923 2661 1003 2719; x_wconf 91' lang='lat' dir='ltr'><strong>inter</strong></span> <span class='ocrx_word' id='word_1_238' title='bbox 1026 2677 1101 2736; x_wconf 92' lang='lat' dir='ltr'><strong>quae</strong></span> 
     </span>
     <span class='ocr_line' id='line_1_31' title="bbox 127 2740 1102 2815; baseline -0.004 -10"><span class='ocrx_word' id='word_1_239' title='bbox 127 2743 230 2805; x_wconf 87' lang='lat' dir='ltr'><strong>Callus</strong></span> <span class='ocrx_word' id='word_1_240' title='bbox 253 2751 283 2805; x_wconf 89' lang='lat' dir='ltr'><strong>et</strong></span> <span class='ocrx_word' id='word_1_241' title='bbox 306 2744 404 2815; x_wconf 89' lang='lat' dir='ltr'><strong>Galla,</strong></span> <span class='ocrx_word' id='word_1_242' title='bbox 429 2747 560 2808; x_wconf 85' lang='lat' dir='ltr'><strong>Graecus</strong></span> <span class='ocrx_word' id='word_1_243' title='bbox 583 2754 613 2806; x_wconf 88' lang='lat' dir='ltr'><strong>ct</strong></span> <span class='ocrx_word' id='word_1_244' title='bbox 628 2746 743 2807; x_wconf 88' lang='lat' dir='ltr'><strong>Graeca</strong></span> <span class='ocrx_word' id='word_1_245' title='bbox 765 2747 797 2805; x_wconf 93' lang='lat' dir='ltr'><strong>in</strong></span> <span class='ocrx_word' id='word_1_246' title='bbox 819 2747 886 2805; x_wconf 89' lang='lat' dir='ltr'><strong>loro</strong></span> <span class='ocrx_word' id='word_1_247' title='bbox 902 2741 1027 2802; x_wconf 88' lang='lat' dir='ltr'><strong>bovario</strong></span> <span class='ocrx_word' id='word_1_248' title='bbox 1046 2740 1102 2802; x_wconf 91' lang='lat' dir='ltr'><strong>sub</strong></span> 
     </span>
     <span class='ocr_line' id='line_1_32' title="bbox 127 2829 1103 2906; baseline -0.002 -18"><span class='ocrx_word' id='word_1_249' title='bbox 127 2835 210 2889; x_wconf 87' lang='lat' dir='ltr'><strong>terra</strong></span> <span class='ocrx_word' id='word_1_250' title='bbox 231 2830 291 2889; x_wconf 90' lang='lat' dir='ltr'><strong>vivi</strong></span> <span class='ocrx_word' id='word_1_251' title='bbox 313 2829 438 2890; x_wconf 90' lang='lat' dir='ltr'><strong>demissi</strong></span> <span class='ocrx_word' id='word_1_252' title='bbox 460 2837 530 2890; x_wconf 90' lang='lat' dir='ltr'><strong>sunt</strong></span> <span class='ocrx_word' id='word_1_253' title='bbox 552 2832 584 2890; x_wconf 92' lang='lat' dir='ltr'><strong>in</strong></span> <span class='ocrx_word' id='word_1_254' title='bbox 606 2829 706 2890; x_wconf 93' lang='lat' dir='ltr'><strong>locum</strong></span> <span class='ocrx_word' id='word_1_255' title='bbox 729 2846 799 2890; x_wconf 88' lang='lat' dir='ltr'><strong>saxo</strong></span> <span class='ocrx_word' id='word_1_256' title='bbox 815 2834 1018 2906; x_wconf 86' lang='lat' dir='ltr'><strong>consaeptum,</strong></span> <span class='ocrx_word' id='word_1_257' title='bbox 1043 2829 1103 2887; x_wconf 94' lang='lat' dir='ltr'><strong>iam</strong></span> 
     </span>
     <span class='ocr_line' id='line_1_33' title="bbox 129 2911 1049 2984; baseline -0.001 -14"><span class='ocrx_word' id='word_1_258' title='bbox 129 2919 197 2971; x_wconf 87' lang='lat' dir='ltr'><strong>ante</strong></span> <span class='ocrx_word' id='word_1_259' title='bbox 212 2912 320 2974; x_wconf 92' lang='lat' dir='ltr'><strong>hostiis</strong></span> <span class='ocrx_word' id='word_1_260' title='bbox 336 2913 484 2984; x_wconf 92' lang='lat' dir='ltr'><strong>humanis,</strong></span> <span class='ocrx_word' id='word_1_261' title='bbox 499 2915 624 2975; x_wconf 91' lang='lat' dir='ltr'><strong>minime</strong></span> <span class='ocrx_word' id='word_1_262' title='bbox 638 2913 771 2975; x_wconf 88' lang='lat' dir='ltr'><strong>Romano</strong></span> <span class='ocrx_word' id='word_1_263' title='bbox 788 2931 882 2981; x_wconf 90' lang='lat' dir='ltr'><strong>sacro,</strong></span> <span class='ocrx_word' id='word_1_264' title='bbox 900 2911 1049 2972; x_wconf 87' lang='lat' dir='ltr'><strong>inbutum.</strong></span> 
     </span>
    </p>

    <p class='ocr_par' dir='ltr' id='par_1_5' title="bbox 128 2992 1131 3491">
     <span class='ocr_line' id='line_1_34' title="bbox 191 2992 1130 3066; baseline 0 -14"><span class='ocrx_word' id='word_1_265' title='bbox 191 2994 320 3055; x_wconf 90' lang='lat' dir='ltr'><strong>Placatis</strong></span> <span class='ocrx_word' id='word_1_266' title='bbox 335 3001 414 3066; x_wconf 83' lang='lat' dir='ltr'><strong>satie,</strong></span> <span class='ocrx_word' id='word_1_267' title='bbox 431 3004 466 3057; x_wconf 86' lang='lat' dir='ltr'><strong>ut</strong></span> <span class='ocrx_word' id='word_1_268' title='bbox 478 2997 639 3066; x_wconf 89' lang='lat' dir='ltr'><strong>rebantur,</strong></span> <span class='ocrx_word' id='word_1_269' title='bbox 656 2998 720 3058; x_wconf 90' lang='lat' dir='ltr'><strong>deis</strong></span> <span class='ocrx_word' id='word_1_270' title='bbox 734 2997 772 3058; x_wconf 88' lang='lat' dir='ltr'><strong>M.</strong></span> <span class='ocrx_word' id='word_1_271' title='bbox 790 2997 930 3057; x_wconf 91' lang='lat' dir='ltr'><strong>Claudius</strong></span> <span class='ocrx_word' id='word_1_272' title='bbox 944 2992 1103 3054; x_wconf 87' lang='lat' dir='ltr'><strong>Marcellus</strong></span> <span class='ocrx_word' id='word_1_273' title='bbox 1115 2997 1130 3044; x_wconf 79' lang='grc'>7</span> 
     </span>
     <span class='ocr_line' id='line_1_35' title="bbox 128 3075 1102 3158; baseline -0.002 -22"><span class='ocrx_word' id='word_1_274' title='bbox 128 3075 167 3136; x_wconf 90' lang='lat' dir='ltr'><strong>ab</strong></span> <span class='ocrx_word' id='word_1_275' title='bbox 183 3075 266 3136; x_wconf 86' lang='lat' dir='ltr'><strong>Ostia</strong></span> <span class='ocrx_word' id='word_1_276' title='bbox 280 3077 363 3140; x_wconf 91' lang='lat' dir='ltr'><strong>mille</strong></span> <span class='ocrx_word' id='word_1_277' title='bbox 379 3086 410 3138; x_wconf 91' lang='lat' dir='ltr'><strong>et</strong></span> <span class='ocrx_word' id='word_1_278' title='bbox 420 3082 599 3158; x_wconf 85' lang='lat' dir='ltr'><strong>quingentos</strong></span> <span class='ocrx_word' id='word_1_279' title='bbox 614 3081 734 3148; x_wconf 74' lang='lat' dir='ltr'><strong>milites</strong></span> <span class='ocrx_word' id='word_1_280' title='bbox 751 3099 825 3156; x_wconf 93' lang='lat' dir='ltr'><strong>quos</strong></span> <span class='ocrx_word' id='word_1_281' title='bbox 840 3083 872 3138; x_wconf 90' lang='lat' dir='ltr'><strong>in</strong></span> <span class='ocrx_word' id='word_1_282' title='bbox 887 3078 1011 3137; x_wconf 89' lang='lat' dir='ltr'><strong>classem</strong></span> <span class='ocrx_word' id='word_1_283' title='bbox 1026 3078 1102 3135; x_wconf 90' lang='lat' dir='ltr'><strong>scri-</strong></span> 
     </span>
     <span class='ocr_line' id='line_1_36' title="bbox 129 3158 1102 3240; baseline 0 -22"><span class='ocrx_word' id='word_1_284' title='bbox 129 3166 197 3238; x_wconf 91' lang='lat' dir='ltr'><strong>ptos</strong></span> <span class='ocrx_word' id='word_1_285' title='bbox 212 3158 351 3230; x_wconf 90' lang='lat' dir='ltr'><strong>habebat,</strong></span> <span class='ocrx_word' id='word_1_286' title='bbox 374 3162 513 3231; x_wconf 90' lang='lat' dir='ltr'><strong>Romam,</strong></span> <span class='ocrx_word' id='word_1_287' title='bbox 537 3170 571 3222; x_wconf 92' lang='lat' dir='ltr'><strong>ut</strong></span> <span class='ocrx_word' id='word_1_288' title='bbox 592 3161 662 3222; x_wconf 92' lang='lat' dir='ltr'><strong>urbi</strong></span> <span class='ocrx_word' id='word_1_289' title='bbox 680 3161 831 3240; x_wconf 89' lang='lat' dir='ltr'><strong>praesidio</strong></span> <span class='ocrx_word' id='word_1_290' title='bbox 854 3166 971 3227; x_wconf 90' lang='lat' dir='ltr'><strong>essent,</strong></span> <span class='ocrx_word' id='word_1_291' title='bbox 994 3161 1102 3227; x_wconf 90' lang='lat' dir='ltr'><strong>mittit;</strong></span> 
     </span>
     <span class='ocr_line' id='line_1_37' title="bbox 129 3243 1131 3322; baseline -0.001 -19"><span class='ocrx_word' id='word_1_292' title='bbox 129 3246 204 3321; x_wconf 91' lang='lat' dir='ltr'><strong>ipse,</strong></span> <span class='ocrx_word' id='word_1_293' title='bbox 228 3243 345 3318; x_wconf 84' lang='lat' dir='ltr'><strong>legione</strong></span> <span class='ocrx_word' id='word_1_294' title='bbox 367 3243 550 3305; x_wconf 79' lang='lat' dir='ltr'><strong>classica-</strong></span> <span class='ocrx_word' id='word_1_295' title='bbox 565 3262 600 3304; x_wconf 91' lang='lat' dir='ltr'><strong>ea</strong></span> <span class='ocrx_word' id='word_1_296' title='bbox 616 3245 694 3322; x_wconf 86' lang='lat' dir='ltr'><strong>legio</strong></span> <span class='ocrx_word' id='word_1_297' title='bbox 709 3247 798 3303; x_wconf 89' lang='lat' dir='ltr'><strong>tertia</strong></span> <span class='ocrx_word' id='word_1_298' title='bbox 813 3252 877 3305; x_wconf 91' lang='lat' dir='ltr'><strong>erat</strong></span> <span class='ocrx_word' id='word_1_299' title='bbox 898 3275 941 3286; x_wconf 83' lang='lat'>—</span> <span class='ocrx_word' id='word_1_300' title='bbox 964 3260 1033 3303; x_wconf 91' lang='lat' dir='ltr'><strong>cum</strong></span> <span class='ocrx_word' id='word_1_301' title='bbox 1049 3245 1131 3302; x_wconf 87' lang='lat' dir='ltr'><strong>tri-8</strong></span> 
     </span>
     <span class='ocr_line' id='line_1_38' title="bbox 130 3325 1102 3407; baseline 0.001 -20"><span class='ocrx_word' id='word_1_302' title='bbox 130 3325 219 3387; x_wconf 91' lang='lat' dir='ltr'><strong>bunis</strong></span> <span class='ocrx_word' id='word_1_303' title='bbox 231 3326 501 3387; x_wconf 87' lang='lat' dir='ltr'><strong>militum&#39;leanum</strong></span> <span class='ocrx_word' id='word_1_304' title='bbox 515 3327 683 3388; x_wconf 88' lang='lat' dir='ltr'><strong>Sidicinum</strong></span> <span class='ocrx_word' id='word_1_305' title='bbox 697 3330 870 3407; x_wconf 90' lang='lat' dir='ltr'><strong>praemissa,</strong></span> <span class='ocrx_word' id='word_1_306' title='bbox 886 3327 981 3388; x_wconf 89' lang='lat' dir='ltr'><strong>classe</strong></span> <span class='ocrx_word' id='word_1_307' title='bbox 994 3327 1102 3388; x_wconf 88' lang='lat' dir='ltr'><strong>tradita</strong></span> 
     </span>
     <span class='ocr_line' id='line_1_39' title="bbox 128 3409 1102 3491; baseline 0.001 -21"><span class='ocrx_word' id='word_1_308' title='bbox 128 3409 162 3470; x_wconf 88' lang='lat' dir='ltr'><strong>P.</strong></span> <span class='ocrx_word' id='word_1_309' title='bbox 178 3409 270 3472; x_wconf 85' lang='lat' dir='ltr'><strong>Furio</strong></span> <span class='ocrx_word' id='word_1_310' title='bbox 285 3410 372 3471; x_wconf 92' lang='lat' dir='ltr'><strong>Philo</strong></span> <span class='ocrx_word' id='word_1_311' title='bbox 387 3410 529 3490; x_wconf 84' lang='lat' dir='ltr'><strong>conlegae</strong></span> <span class='ocrx_word' id='word_1_312' title='bbox 545 3429 657 3490; x_wconf 89' lang='lat' dir='ltr'><strong>paucos</strong></span> <span class='ocrx_word' id='word_1_313' title='bbox 676 3416 745 3491; x_wconf 89' lang='lat' dir='ltr'><strong>post</strong></span> <span class='ocrx_word' id='word_1_314' title='bbox 765 3410 829 3472; x_wconf 89' lang='lat' dir='ltr'><strong>dies</strong></span> <span class='ocrx_word' id='word_1_315' title='bbox 845 3411 1005 3472; x_wconf 82' lang='lat' dir='ltr'><strong>Canusium</strong></span> <span class='ocrx_word' id='word_1_316' title='bbox 1020 3428 1102 3490; x_wconf 78' lang='lat' dir='ltr'><strong>mag-</strong></span> 
     </span>
    </p>
   </div>
   <div class='ocr_carea' id='block_1_3' title="bbox 0 0 1278 3956">
    <p class='ocr_par' dir='ltr' id='par_1_6' title="bbox 0 0 1278 3956">
     <span class='ocr_line' id='line_1_40' title="bbox 0 0 1278 3956; baseline 0 0"><span class='ocrx_word' id='word_1_317' title='bbox 0 0 1278 3956; x_wconf 95' lang='lat' dir='ltr'><strong> </strong></span> 
     </span>
    </p>
   </div>
  </div>
 </body>
</html>
