2538 3946
275 197 370 240 amns
382 197 448 242 m.
464 197 530 240 oar.
546 186 591 238 tl.
605 187 647 236 42.
666 186 708 238 43.
723 175 762 259 [a.
777 179 813 241 0.
827 178 890 262 218]
1002 185 1064 248 239

102 363 164 410 non
179 365 235 428 pro
246 345 339 408 salute
351 352 430 406 esset
441 345 605 412 certarnen!
629 344 737 405 nonde
749 347 933 424 possessione
945 347 1060 410 Siciliae
1073 356 1106 406 tt

101 449 137 492 ao
153 431 321 500 Sardiniae,
336 428 374 490 de
388 428 495 508 quihus
506 427 653 507 quondam
669 427 828 506 agebatur,
844 430 895 490 sed
909 448 964 510 pru
978 431 1061 494 Italia

99 514 184 576 vobis
206 521 251 576 est
270 512 472 592 pugnandum.
507 529 563 572 neo
584 519 628 571 est
649 509 724 572 alius
743 510 780 572 ab
802 520 888 591 tergo
904 517 1058 584 exercitus,
1071 522 1105 574 15

99 600 166 677 qni,
182 599 239 659 nisi
253 615 308 657 nos
321 596 479 667 rinoImus,
496 596 574 656 hosti
589 592 718 665 obsistat,
730 612 785 658 neo
795 595 883 676 Alpes
895 597 967 658 aliae
982 607 1059 668 sunt,

98 699 174 760 quas
190 681 260 742 dum
275 686 418 759 superant
435 679 591 759 conparari
609 696 683 738 nora
698 680 812 758 possim
828 681 982 759 praesidia.
1012 683 1061 742 hio

98 772 146 826 est
176 764 369 834 obstandum,
395 762 517 833 milites,
548 761 628 822 velut
648 763 674 822 si
698 770 766 824 ante
788 763 921 826 Romana
943 769 1059 828 moenia

96 865 276 927 pugnemus.
312 864 389 908 unus
408 848 531 927 qrdsque
551 863 583 908 se
601 863 661 907 non
676 864 785 926 corpus
799 865 898 918 suum,
920 850 972 910 sed
987 856 1102 909 con-16

96 934 200 1010 iugem
221 949 256 992 ao
274 929 386 993 liberos
408 948 514 1010 parvos
535 931 625 990 armIs
639 938 797 1007 protegere
814 939 912 1009 putet,
936 951 990 994 nec
1007 933 1058 994 do·

96 1017 237 1076 meoticas
257 1013 352 1074 solnm
382 1015 474 1092 agitet
496 1031 595 1082 curas,
622 1013 673 1072 sed
693 1013 855 1076 identidem
883 1015 940 1076 hoo
961 1019 1059 1078 animo

95 1106 232 1178 reputet,
248 1105 366 1160 nostras
376 1113 456 1158 nnnc
469 1098 580 1159 intueri
593 1113 697 1157 manus
710 1105 844 1158 senatum
858 1098 1057 1179 populumque

94 1183 283 1250 Romanum
299 1179 393 1260 qualis
405 1187 504 1240 nostra
516 1181 559 1239 ris
571 1181 721 1260 virtusque
733 1180 835 1250 luerit,
852 1181 938 1244 talem
952 1182 1058 1244 deinde
1068 1189 1100 1240 17

97 1266 250 1327 lortnnam
269 1263 348 1325 illius
362 1262 446 1324 urbis
460 1281 494 1324 ac
509 1261 635 1324 Romani
647 1265 765 1342 imperiI
785 1264 880 1324 lore.“

160 1347 248 1408 XLII.
276 1347 357 1409 llaec
382 1347 458 1427 apud
479 1345 629 1408 Romanos
655 1346 767 1408 consul.
802 1347 948 1408 Hannibal
969 1349 1084 1410 rebusl

94 1435 182 1512 prins
199 1449 288 1510 quam
307 1429 407 1492 verbis
425 1429 623 1492 adhortandos
642 1430 749 1491 milites
766 1437 861 1502 ratus,
877 1433 1058 1493 circumdato

95 1515 135 1576 ad
150 1514 351 1594 spectaculum
367 1516 498 1576 exercitu
512 1513 641 1592 captiuos
654 1521 808 1576 montanos
822 1516 934 1577 vinctos
947 1518 979 1575 iu
994 1535 1059 1576 me·

95 1600 147 1660 dio
164 1600 280 1670 statuit,
302 1600 450 1678 armIsquo
470 1597 587 1660 Gallicis
608 1598 782 1677 antepedes
799 1617 902 1660 eorum
917 1600 1057 1679 proiectis

94 1686 285 1762 Interrogare
299 1683 491 1762 interpretem
512 1682 612 1752 iussit,
628 1685 742 1762 ecquis,
767 1685 792 1742 si
806 1682 928 1744 vinculis
944 1684 1056 1746 levare·

91 1776 147 1828 tur
168 1773 360 1846 armaque-et
381 1784 488 1845 equum
509 1766 602 1826 victor
624 1769 786 1846 acciperet,
810 1767 961 1830 decertare
976 1768 1056 1828 ferro

91 1848 194 1912 vellet.
224 1868 290 1911 cum
304 1849 340 1909 ad
351 1867 442 1910 unum
454 1867 556 1911 omnes
569 1849 681 1910 sermm
693 1868 880 1929 pugnamque
891 1859 1055 1930 poscerent,
1069 1859 1085 1908 2

93 1942 126 1996 et
143 1933 255 1994 deiecta
269 1935 301 1993 in
315 1931 345 1993 id
360 1951 425 1994 sors
441 1939 532 2003 esset,
548 1950 580 1994 se
598 1933 720 2012 quisque
736 1951 803 1994 enm
818 1934 951 2012 optabat,
968 1953 1055 2014 quem

94 2019 217 2079 lortuna
241 2018 272 2077 iu
299 2016 330 2077 id
354 2023 504 2078 certamen
525 2016 647 2094 legeret.
685 2025 715 2076 et
744 2017 885 2094 cuiusque
917 2035 982 2078 sors
1007 2025 1084 2076 ens

93 2101 223 2172 uiderat,
240 2100 337 2160 alacer
353 2101 432 2160 inter
450 2098 630 2177 gratulantes
650 2099 755 2176 gaudIo
772 2098 905 2161 exultans
920 2119 986 2161 oum
1011 2102 1056 2161 sui

92 2187 189 2246 moris
204 2183 341 2262 tripudiis
352 2200 433 2244 arma
443 2181 550 2260 raptim
562 2181 704 2260 capiebat.
729 2183 783 2244 ubi
792 2201 862 2244 vero
875 2183 1087 2255 dimicarents

91 2272 121 2328 is
136 2266 253 2327 habitus
268 2267 434 2326 aalmorum
449 2282 510 2325 non
523 2265 602 2326 inter
616 2265 748 2327 eiusdem
763 2267 851 2329 modo
875 2268 1056 2328 condIoionis

92 2351 233 2411 homines
249 2355 326 2419 erat,
342 2347 394 2408 sed
405 2348 853 2428 etiarnlnterspectantesrnlgo,
869 2359 975 2411 utnon
992 2354 1054 2412 vin-

94 2434 225 2496 cantium
240 2433 332 2510 magis
347 2450 434 2512 quam
450 2432 527 2493 bene
541 2434 731 2494 morientium
743 2433 860 2502 fortuna
875 2431 1053 2495 laudaretur.

158 2515 258 2578 XLIII.
289 2515 363 2576 Cum
379 2517 421 2578 sic
442 2515 553 2596 aliquot
564 2517 702 2595 spectatis
725 2517 846 2597 paribus
862 2518 992 2579 adiectos
1011 2519 1081 2578 di-1

92 2602 238 2670 misisset,
256 2601 394 2660 contione
409 2601 478 2660 inde
494 2600 631 2662 advocata
651 2603 691 2662 ita
711 2602 789 2681 apud
804 2620 855 2663 eos
867 2601 982 2662 locutus
996 2602 1054 2664 ler-

94 2695 157 2746 tur:
188 2685 256 2756 „si‚
279 2701 366 2762 quern
384 2686 512 2746 animum
528 2687 558 2744 in
580 2683 694 2747 alienae
711 2687 798 2747 sortis
820 2686 954 2764 exemplo
968 2687 1083 2765 paulos

95 2776 165 2830 ante
179 2767 337 2839 habuistis,
354 2768 481 2830 eundem
496 2786 565 2829 mor
582 2769 809 2832 inaestimanda
824 2770 942 2830 lortuua
959 2779 1053 2832 vestra

91 2853 272 2923 habueritis,
301 2853 438 2924 dumus,
465 2851 588 2913 milites:
616 2871 711 2934 neque
749 2856 827 2916 enim
854 2855 1053 2933 spectaculum

92 2936 183 2998 modo
197 2935 286 3006 illud,
303 2935 356 2997 sed
381 2937 525 3017 quaedam
548 2937 637 2998 veluti
658 2939 755 3018 imago
771 2945 885 3000 vestrae
905 2938 1054 2998 condicio-

93 3020 141 3080 nis
155 3026 228 3081 erat.
257 3037 292 3079 ac
306 3022 406 3082 nescio
418 3039 455 3081 an
470 3023 582 3083 maiora
599 3023 712 3084 vincula
726 3025 912 3100 malorasque
927 3024 1082 3082 necessi-3

92 3110 170 3164 tates
188 3103 271 3163 robis
292 3119 380 3180 qnam
403 3105 524 3183 captivis
545 3107 651 3164 vestris
670 3107 788 3166 lortuna
810 3104 1051 3164 circumdederit:

94 3188 198 3247 dextra
212 3185 352 3263 laevaque
367 3185 425 3246 duo
436 3187 530 3246 maria
542 3185 681 3247 claudunt
692 3187 801 3248 nullam
813 3204 852 3246 ne
866 3185 903 3246 ad
914 3185 1082 3264 effuginms

93 3269 214 3352 quidem
245 3286 348 3330 navem
378 3267 567 3340 habentibus,
595 3271 673 3330 circa
699 3269 796 3331 Padus
824 3270 939 3340 amnis,
960 3273 1054 3332 maior

91 3354 191 3416 Padus
208 3372 242 3416 ac
259 3350 414 3413 violentior
428 3351 586 3424 Rhodano,
607 3351 644 3414 ab
662 3361 747 3434 tergo
760 3353 848 3433 Alpes
862 3359 984 3430 urgent,
1006 3356 1054 3416 rix

91 3440 219 3518 Integris
232 3437 316 3500 robis
331 3453 365 3496 ao
380 3436 547 3515 vigentibus
562 3439 714 3500 transitae.
743 3437 798 3499 bio
813 3434 989 3499 vincendum
1005 3446 1083 3501 ants
