2538 3946
172 213 238 277 184
369 224 464 268 mann
478 229 509 268 x.
528 225 597 269 car.
608 211 651 267 33.
667 213 710 268 34.
726 202 765 287 [a.
782 227 813 267 u.
833 227 859 267 c.
874 203 936 288 abb]

176 377 218 453 git
230 374 263 436 L.
279 373 459 434 Postumium
477 373 626 434 consulem
649 372 765 434 vixdum
786 373 912 434 validum
934 374 1080 452 proticisci
1097 393 1133 438 cx

143 456 259 520 curba.
298 461 379 536 prius
402 466 499 518 tamen
518 476 605 537 qnam
621 458 727 528 exiret,
750 457 890 518 militibus
909 457 1004 517 edicto
1028 459 1133 520 Soram

108 568 110 576 ⁴
176 544 261 603 iussis
278 544 450 612 convenire,
473 543 535 620 ipse
555 541 658 601 aedem
677 540 835 611 Victoriae,
858 559 945 621 quam
965 541 1065 602 aedilis
1080 561 1134 604 cu·

176 625 248 687 rulis
263 645 299 686 ex
313 626 471 686 multaticia
487 626 610 703 pecnnia
625 623 788 685 faciendam
803 631 964 694 curaverat,
980 623 1131 687 dedicarit.

134 716 166 770 tc
176 711 216 771 ita
231 709 268 770 ad
287 712 448 770 exercitum
464 709 613 788 proiectus
632 707 667 768 ab
682 708 755 769 Sora
771 709 802 768 in
820 709 971 768 Samnium
986 709 1022 769 ad
1037 719 1133 770 castra

177 793 306 872 collegae
321 797 459 872 perrexit.
489 792 558 852 inde
571 799 728 871 postquam
743 792 890 852 Samnites
914 791 1002 854 diiilsi
1019 793 1135 854 duobus

175 877 352 939 exercitibus
384 877 481 937 resisti
510 894 598 955 posse
626 882 828 945 recesserunt,
863 875 970 936 diversi
998 876 1136 937 consules

175 962 212 1022 ad
244 961 399 1020 vastandos
430 977 515 1036 agros
550 958 698 1038 urbesque
729 959 940 1038 oppugnandas
969 959 1131 1021 discedunt

149 1051 162 1103 l
176 1043 301 1105 XXXIV.
324 1045 490 1104 Postumius
504 1041 662 1103 llilioniam
677 1059 848 1121 oppugnare
863 1042 983 1103 adortus
997 1045 1024 1102 vi
1036 1045 1135 1122 primo

176 1133 263 1206 atque
282 1129 408 1206 impetu,
436 1126 520 1196 dein,
547 1132 701 1206 postquam
731 1143 765 1186 ea
790 1143 895 1205 parum
922 1126 1132 1204 procedebant,

147 1218 268 1290 aopere
295 1229 329 1270 ac
354 1212 445 1270 cineis
468 1209 586 1270 demum
606 1209 744 1270 iniunctis
764 1227 850 1270 muro
871 1211 958 1287 cepit.
993 1209 1035 1270 ibi
1049 1219 1134 1289 capta

176 1295 234 1354 iam
253 1293 327 1354 urbe
340 1294 376 1355 ab
397 1295 469 1354 lrora
497 1301 599 1372 quarta
621 1292 770 1372 usquead
791 1299 922 1354 octavam
944 1291 1008 1354 lere
1028 1293 1134 1354 horam

176 1377 311 1438 omnibus
326 1377 458 1458 partibus
473 1377 555 1438 urbis
570 1376 620 1436 diu
644 1377 757 1437 incerto
777 1383 883 1438 eventu
896 1385 1055 1456 pugnatum
1072 1385 1133 1445 cst;

150 1466 167 1522 8
176 1469 326 1541 postremo
343 1465 454 1541 potitur
475 1460 583 1540 oppido
596 1461 756 1520 Romanus.
793 1460 966 1521 Samnitium
982 1463 1060 1520 caesi
1076 1463 1134 1521 tria

176 1545 256 1607 milia
283 1546 415 1614 ducenti,
438 1546 516 1623 capti
544 1550 683 1622 quattuor
701 1542 780 1604 milia
800 1544 979 1622 septingenti
1015 1552 1135 1623 praeter

73 1652 75 1657 ·
147 1629 317 1708 apraedam
345 1630 441 1690 aliam.
484 1628 554 1687 inde
574 1626 723 1688 Feritrum
750 1625 855 1688 ductae
879 1627 1026 1704 legiones,
1054 1627 1134 1688 uude

175 1711 314 1791 oppidani
331 1731 398 1772 cum
413 1709 549 1771 omnibus
567 1708 657 1770 rebus
675 1710 750 1780 suis,
771 1727 846 1790 quae
868 1710 941 1772 terri
961 1712 1066 1789 agique
1081 1730 1134 1791 po·

175 1802 309 1862 luerunt,
331 1803 417 1854 nocte
437 1811 492 1872 per
513 1809 644 1853 aversam
665 1800 779 1872 portam
796 1793 913 1854 silentio
934 1802 1133 1857 excesserunt.

146 1878 266 1955 rigitur
280 1877 366 1938 simul
382 1877 499 1938 advenit
514 1875 631 1945 consul,
651 1877 749 1956 primo
765 1877 803 1937 ita
819 1879 988 1957 conpositus
1005 1880 1134 1940 instruc·

175 1969 280 2041 tusque
296 1961 450 2022 moenibus
463 1962 616 2027 successit,
632 1968 780 2040 umquam
791 1960 878 2030 idem,
895 1961 973 2041 quod
989 1962 1025 2023 ad
1040 1961 1134 2024 llilio·

145 2047 253 2107 oniam
266 2048 376 2116 iuerat,
396 2045 564 2106 certaminis
576 2044 667 2113 leret:
683 2042 802 2114 deinde,
815 2052 849 2106 ut
859 2043 1007 2106 silentium
1019 2053 1134 2108 vastum

175 2131 206 2188 in
223 2130 298 2190 urbe
310 2148 366 2190 nec
381 2148 462 2189 arma
477 2146 533 2189 nec
543 2129 621 2188 viros
634 2129 666 2188 in
682 2126 812 2190 turribus
827 2147 862 2188 ac
877 2130 970 2189 muris
983 2129 1062 2200 vidit,
1074 2132 1136 2190 ari·

175 2211 246 2273 dum
261 2214 416 2274 invadendi
431 2213 547 2272 deserta
560 2213 677 2272 moenia
691 2210 814 2272 militem
834 2210 963 2281 detinet,
989 2230 1027 2273 ne
1044 2231 1133 2294 quam

146 2302 164 2353 t
174 2296 318 2358 occultam
337 2295 513 2357 intrandam
528 2297 663 2356 incautus
683 2303 800 2364 rueret:
822 2295 895 2357 duas
909 2303 1021 2358 turmas
1038 2299 1133 2358 socio·

174 2397 241 2441 rum
260 2382 356 2441 Latini
375 2380 502 2440 nominis
523 2379 767 2459 circumequitare
787 2381 904 2441 moenia
924 2387 1010 2459 atquo
1033 2380 1134 2460 explo-
1209 2445 1211 2450 ,

174 2479 243 2524 rare
257 2466 353 2524 omnia
364 2463 455 2524 iubet.
486 2464 598 2542 equites
608 2472 724 2541 portam
736 2479 825 2528 unam
837 2461 1017 2542 alteramque
1030 2465 1133 2526 eadem

175 2548 296 2626 ragione
313 2550 344 2608 in
365 2549 531 2627 propinquo
552 2552 686 2625 patentes
711 2547 896 2625 conspiciunt
919 2547 1136 2627 itineribusque

145 2629 207 2690 tiis
226 2634 346 2708 vestigia
366 2639 528 2691 nocturnae
548 2629 676 2690 hostium
696 2630 791 2707 fugae.
834 2629 1004 2710 adequitant
1026 2631 1133 2692 deinde

174 2717 283 2776 sensim
299 2717 393 2792 portis
407 2713 570 2793 urbemque
586 2731 623 2774 ex
639 2719 703 2774 tuto
717 2715 807 2774 rectis
829 2714 985 2776 itineribus
1001 2715 1133 2794 perviam

175 2800 375 2875 conspiciunt,
391 2806 420 2859 et
434 2797 547 2858 consuli
558 2797 692 2858 referunt
706 2813 859 2859 excessum
870 2798 960 2867 urbe:
976 2798 1133 2858 solitudine

176 2879 255 2941 haud
281 2881 369 2939 dubia
393 2880 424 2940 id
451 2882 638 2960 perspicuum
667 2899 732 2942 esse
753 2887 784 2940 et
807 2882 976 2944 receuthus
1004 2881 1134 2959 vestigiis

176 2962 262 3042 iugae
273 2981 307 3024 ac
322 2972 419 3041 strage
434 2981 534 3023 rerum
549 2965 580 3023 in
595 2963 789 3042 trepidatione
804 2972 950 3028 nocturna
962 2965 1133 3026 relictarum

145 3048 293 3127 apassim.
330 3048 375 3107 his
398 3047 502 3108 auditis
522 3045 625 3107 consul
648 3046 685 3107 ad
705 3055 902 3128 campartem
923 3049 1019 3120 urbis,
1043 3065 1133 3128 quam

177 3130 310 3193 adierant
331 3133 455 3210 equitas,
481 3131 675 3192 circumducit
701 3148 817 3209 agmen.
863 3135 1030 3194 constitutis
1055 3130 1133 3192 baud

175 3214 279 3293 procul
294 3221 379 3294 porta
393 3215 484 3294 signis
495 3217 624 3294 quinque
638 3216 751 3296 equites
762 3215 844 3276 iubet
855 3217 967 3278 intrare
982 3216 1087 3277 urbem
1103 3221 1134 3274 et

176 3298 324 3358 modicum
340 3301 465 3376 spatium
481 3314 655 3376 progressus
673 3300 728 3360 tris
749 3316 870 3360 manere
884 3300 990 3360 eodem
1004 3299 1083 3368 loco,
1107 3298 1134 3358 si

135 3383 241 3439 totuta
261 3381 427 3447 rideantur.
456 3382 530 3442 duos
552 3381 703 3461 explorata
723 3382 759 3443 ad
787 3400 820 3443 se
840 3382 964 3442 reterre.
1006 3383 1057 3459 qui
1081 3379 1134 3440 ubl

178 3461 331 3521 redierunt
345 3465 580 3535 rettuleruntque
596 3483 632 3525 eo
643 3482 675 3525 se
686 3482 874 3543 progressos,
890 3463 968 3524 unde
983 3465 1014 3524 in
1029 3479 1134 3523 omnes
