2546 3936
305 215 400 262 cmm
412 217 445 260 x.
459 215 529 261 om.
546 203 647 261 11.1r.
664 195 704 280 [a.
717 200 753 262 o.
767 207 828 262 eeu.
842 197 904 282 ece]
1024 205 1085 268 159

128 367 165 430 lis
178 368 210 428 in
224 363 339 427 bellicis
355 363 446 425 rebus
460 362 559 424 multis
571 363 794 443 tempestatibus
806 366 911 438 iuerat,
926 366 991 428 tulis
1007 366 1086 428 dorni

130 459 190 513 tum
204 453 237 510 in
249 465 384 510 annonae
396 447 612 527 dispensatione
624 449 829 529 praeparando
840 467 875 510 ao
896 449 1085 512 convehendo

130 536 278 598 lrumento
292 533 404 594 luisset.
428 565 472 580 -
496 532 540 592 lio
560 549 639 592 anno
654 566 684 578 -
718 550 772 594 nec
794 532 919 593 traditur
935 551 1022 595 causa
1043 541 1129 592 -ιο

130 622 332 696 interregnum
350 617 465 676 initum.
495 617 661 694 interreges
677 616 760 678 lucre
780 617 834 695 Ap.
847 615 999 687 Claudius,
1017 616 1086 677 dein

14 761 15 764 ,
127 703 159 765 P.
172 699 328 779 Sulpicius.
359 701 386 760 is
400 701 516 760 comitia
534 699 698 761 consularia
713 700 827 771 habuit,
845 703 956 762 crearit
969 701 1002 761 L.
1015 699 1086 761 Cor-

127 785 238 848 nelium
253 785 421 863 Scipionem
436 783 488 844 Cn.
504 782 637 844 l'rrlrium
652 782 797 845 consules.

190 869 341 947 Principio
362 867 449 928 huius
472 868 542 927 anni
564 873 697 928 oratores
717 869 904 930 Lucanorum
931 870 968 930 ad
994 874 1126 930 novosll

127 951 264 1016 consules
276 957 421 1012 venerunt
437 958 587 1031 questum,
611 953 678 1031 qula
699 952 921 1014 condicionibus
940 952 1086 1033 perlicere

127 1057 159 1098 sc
176 1036 362 1114 nequiverint
377 1034 414 1095 ad
432 1035 601 1096 societatem
622 1053 788 1107 armorum,
811 1037 957 1098 Samnites
979 1037 1087 1098 infesto

127 1121 260 1183 exercitu
279 1121 429 1196 ingressos
449 1119 523 1178 flues
540 1136 609 1178 suos
631 1126 745 1180 vastare
766 1119 904 1201 belloque
925 1121 961 1182 ad
975 1120 1085 1183 bellum

129 1221 244 1283 cogere.
272 1203 391 1264 Lucano
405 1201 514 1280 populo
527 1203 597 1286 satis
614 1220 762 1282 superque
779 1214 909 1265 erratum
925 1205 1082 1284 quondam,
1097 1209 1128 1262 1²

129 1305 207 1351 uunc
227 1289 267 1346 ita
288 1285 449 1346 obstinatos
472 1286 585 1345 animos
605 1302 684 1356 esse,
704 1294 737 1345 ut
757 1289 855 1346 omnia
876 1287 956 1348 ierre
976 1306 1011 1348 ac
1025 1289 1086 1366 pati

127 1369 308 1432 tolerabilius
323 1369 446 1438 ducant,
468 1387 555 1447 quam
577 1376 611 1429 ut
626 1386 766 1448 umquam
782 1376 883 1448 postea
898 1389 1007 1430 nomen
1026 1371 1085 1431 llo·

129 1472 248 1517 manum
271 1451 390 1514 violent.
431 1469 518 1514 orare
537 1459 652 1532 patres,
679 1460 711 1513 ut
737 1459 768 1513 et
779 1453 914 1514 Lucanos
940 1455 971 1514 in
997 1452 1085 1514 fidem
1095 1459 1127 1511 1³

127 1539 271 1618 accipiant
289 1544 319 1598 et
332 1538 390 1597 rim
406 1543 493 1616 atque
509 1537 648 1598 iniuriam
664 1535 701 1597 ab
716 1554 748 1597 se
763 1536 938 1598 Samnitium
954 1544 1084 1598 arceant.

127 1640 159 1684 se
175 1637 351 1702 quamquam
371 1618 449 1681 bello
472 1639 539 1682 cunr
560 1620 740 1682 Samnitibus
761 1629 897 1702 suscepto
919 1623 1085 1683 necessaria

127 1707 186 1766 iam
208 1705 284 1766 iacta
299 1704 438 1766 adversus
451 1705 599 1767 Romanos
614 1704 687 1766 fides
702 1707 753 1776 sit,
769 1713 869 1768 tamen
881 1706 998 1768 obsides
1016 1705 1087 1767 darc

126 1797 246 1869 paratos
268 1806 342 1850 esse.
389 1788 452 1850 llll.
485 1790 587 1850 Brevis
610 1789 783 1851 consultatio
809 1799 927 1852 senatus
950 1791 1022 1860 luit:
1050 1789 1113 1851 adl

127 1890 219 1932 unum
235 1890 338 1933 omnes
348 1871 528 1950 iungendum
544 1873 647 1934 foedus
662 1890 728 1934 eum
742 1873 868 1934 Lucanis
882 1892 988 1952 resque
1000 1891 1085 1952 repe-

128 1954 231 2015 tendas
248 1955 283 2018 ab
291 1955 470 2017 Samnitibus
482 1964 613 2019 censent.
631 1955 759 2034 henigne
771 1974 945 2037 responsum
959 1955 1113 2016 Lucanise

127 2041 279 2119 ictumque
287 2039 398 2100 loedus.
420 2038 1086 2118 ietialesmissi,quiSamnitemdecedercagro

127 2126 275 2184 sociorum
293 2139 328 2181 ac
339 2121 486 2182 deducere
503 2123 663 2182 exercitum
680 2120 787 2181 linibus
798 2121 924 2183 Lucanis
938 2121 1085 2184 iuberent.

10 2203 16 2226 '
127 2206 234 2287 quibus
249 2204 363 2263 obviam
379 2204 460 2264 missi
474 2202 511 2263 ab
528 2203 726 2275 Samnitibus,
744 2205 794 2283 qui
816 2205 1039 2274 denuntiarent,
1060 2208 1086 2266 si

127 2288 207 2368 quod
221 2286 350 2346 adissent
364 2286 395 2344 in
412 2285 532 2346 Samnio
558 2285 728 2356 concilium,
750 2286 829 2347 haud
849 2287 1003 2348 inviolatos
1023 2286 1085 2348 abi-

126 2380 219 2434 turos.
251 2369 325 2430 haec
339 2376 495 2449 postquam
511 2369 609 2430 audite
627 2369 829 2440 smillumae,
844 2367 955 2431 bellum
971 2371 1114 2434 Samni-3

126 2456 206 2517 tibus
218 2460 248 2515 et
257 2460 357 2533 patres
373 2462 552 2515 censuerunt
563 2460 592 2514 et
602 2453 728 2533 populus
738 2453 830 2514 iussit.
858 2451 993 2514 consules
1008 2456 1087 2514 inter

127 2559 158 2610 sc
172 2539 337 2620 provincias
347 2539 448 2618 partiti
460 2523 545 2600 sunt:
565 2538 695 2616 Scipioni
705 2537 837 2608 Etruria,
855 2535 956 2598 Fulvio
970 2537 1085 2599 Samni·

126 2633 172 2684 tes
187 2622 385 2692 obvenerunt,
410 2621 575 2702 diversique
590 2622 628 2682 ed
649 2637 735 2682 suum
753 2621 875 2698 quisque
889 2619 1001 2682 bellum
1016 2638 1085 2700 pro-

126 2708 308 2768 ficiscuntur.
338 2705 470 2784 Scipioni
483 2723 574 2782 segne
595 2704 705 2764 bellum
728 2711 757 2762 et
776 2702 871 2763 simile
891 2705 999 2784 prioris
1017 2705 1114 2765 annii

82 2851 86 2857 .
126 2790 248 2852 militiae
265 2789 432 2869 expectanti
451 2787 550 2849 hostes
572 2787 609 2848 ad
626 2787 793 2848 Volaterras
810 2789 953 2849 instructo
970 2791 1086 2869 agmine

127 2880 332 2934 occurrerunt.
356 2883 519 2951 pugnatum
530 2873 642 2932 maiore
655 2877 739 2952 parte
752 2871 811 2931 diei
821 2890 927 2951 magna
938 2876 1114 2953 utrimqueb

128 2956 233 3016 caede:
260 2973 319 3016 nox
333 2956 468 3026 incertis,
490 2973 547 3034 que
568 2957 635 3018 data
658 2957 778 3016 victoria
801 2965 891 3028 essct,
918 2959 1084 3018 intervenit.

127 3038 178 3100 lux
190 3041 351 3118 insequens
371 3041 513 3099 victorem
528 3041 694 3120 victumque
718 3040 859 3106 ostendit,
885 3059 954 3100 nam
969 3041 1113 3100 Etruscid

128 3121 244 3183 silentio
266 3123 362 3182 noetis
383 3130 478 3181 castra
500 3121 692 3202 reliquerunt.
727 3124 877 3184 Romanus
899 3140 1035 3200 egressus
1054 3125 1086 3184 in

128 3207 222 3270 aciem
237 3204 288 3267 uhi
300 3205 487 3284 proiectione
499 3204 627 3267 hostium
644 3224 813 3267 concessam
831 3207 982 3266 victoriam
997 3204 1085 3277 videt,

127 3307 303 3372 progressus
318 3287 355 3349 ad
371 3295 481 3359 castra,
496 3292 594 3350 vacuis
610 3309 676 3351 cum
692 3289 820 3368 plurima
834 3289 944 3370 praeda
958 3323 1002 3336 -
1017 3307 1085 3350 nam

128 3383 158 3437 ct
177 3377 278 3436 stativa
299 3380 328 3436 et
348 3372 465 3452 trepide
482 3372 598 3434 deserta
617 3374 734 3434 lucrant
755 3407 797 3418 -
814 3375 934 3452 potitur.
969 3373 1111 3434 indolui

127 3457 273 3521 Faliscum
289 3475 393 3537 agrum
410 3459 502 3536 copiis
517 3458 648 3522 reductis
662 3474 729 3517 cum
748 3458 949 3537 inpedimenta
963 3456 1086 3519 Faleriis
