2546 3936
179 219 220 286 86
347 235 442 277 uranu
457 235 524 278 vm.
541 234 612 279 car.
625 223 669 276 34.
686 223 729 275 35.
749 214 788 297 [a.
804 239 836 280 u.
853 239 879 279 c.
895 215 958 298 429]
1013 221 1015 226 “

129 391 133 398 ’
155 416 160 424 -
177 386 302 467 picium,
321 382 373 445 se‘d
385 383 534 456 tribunos,
550 383 601 445 sed
617 403 739 465 prarum
754 383 857 465 populi
875 384 1017 446 iudicium
1034 387 1143 465 nequi·

179 487 268 551 quam
284 474 623 546 posterosaccusaturos,
636 486 704 530 cum
718 468 828 548 polluta
844 467 936 530 semel
952 467 1071 530 militari
1083 470 1144 529 dis·

179 552 288 634 ciplina
294 570 354 614 non
361 551 446 616 miles
458 553 650 623 centurionis,
665 570 726 612 non
733 554 867 614 centurio
879 551 998 623 tribuni,
1012 570 1072 614 nou
1088 555 1144 614 tri·

151 637 276 700 sbunus
288 636 390 715 legati,
406 653 466 697 non
482 634 596 715 legatus
611 635 754 707 consulis,
778 654 837 698 non
852 638 992 715 magister
1009 639 1142 716 equitum

179 722 331 783 dictatoris
348 726 451 798 pareat
468 721 608 800 imperio,
627 738 714 781 nemo
732 720 900 791 bominum,
917 739 1006 782 nemo
1017 720 1143 782 deorum

150 804 383 868 orerecundiam
396 803 511 876 babeat,
525 822 585 866 non
598 804 693 865 edicta
703 805 926 883 imperatorum,
939 808 998 864 tion
1011 806 1143 884 auspicia

180 891 389 960 observentur,
417 889 481 949 sine
504 895 670 950 commeatu
695 891 760 967 vagi
785 888 894 950 milites
917 889 948 948 ln
968 896 1086 968 pacato,
1109 890 1143 948 in

179 976 292 1036 hostico
308 979 422 1042 errent,
438 973 619 1033 inmemores
633 973 811 1034 sacramenti
832 972 951 1034 licentia
965 970 1027 1032 sola
1041 990 1076 1033 se
1090 973 1144 1033 ubi

139 1059 270 1119 toreliut
286 1062 492 1126 exauctorent,
513 1056 711 1135 infrequentia
727 1056 902 1118 deserantur
922 1058 1018 1134 signa,
1045 1073 1142 1136 neque

181 1141 372 1203 conveniatur
392 1138 428 1199 ad
449 1139 577 1200 edictum
597 1158 653 1201 nec
669 1140 868 1212 discernatur,
891 1139 1022 1201 interdiu
1036 1147 1142 1211 nocte,

181 1243 274 1305 aequo
288 1224 390 1303 iniquo
404 1221 485 1294 loco,
509 1228 591 1285 iussu
609 1224 722 1286 iniussu
736 1225 923 1304 imperatoris
939 1235 1087 1303 pugnent,
1111 1231 1143 1283 et
1246 1255 1247 1264 κ

181 1327 241 1370 non
256 1309 354 1388 signa,
371 1325 432 1369 non
447 1307 566 1370 ordines
581 1315 713 1379 servent,
736 1307 884 1370 latrocinii
905 1307 994 1369 modo
1009 1325 1097 1369 caeca
1111 1315 1141 1367 et
1246 1313 1247 1364 ξ

93 1385 95 1390 ’
140 1394 300 1455 iliortuita
321 1410 376 1471 pro
401 1391 537 1454 sollemni
565 1401 595 1454 et
621 1400 735 1454 sacrata
760 1392 863 1455 militia
890 1393 927 1454 sit
950 1413 1003 1453 -ε
1032 1392 1142 1452 horum

181 1479 338 1539 criminum
366 1495 418 1538 ros
445 1495 514 1538 reos
540 1479 572 1537 in
602 1478 701 1556 omnia
735 1476 850 1538 saecula
882 1476 1000 1547 olierte,
1031 1463 1143 1539 tribuni

181 1561 276 1641 plebi;
297 1566 394 1621 restra
417 1560 544 1622 obnoxia
562 1562 657 1639 capita
679 1579 734 1640 pro
750 1559 869 1622 licentia
886 1560 920 1632 Q.
935 1559 1008 1621 Fabi
1023 1559 1141 1620 obicite.

155 1646 293 1706 lxxxv.
332 1645 489 1722 Stupentes
506 1643 641 1706 tribunos
657 1652 686 1705 et
696 1663 780 1707 suam
793 1645 853 1706 iam
870 1644 964 1704 vicem
979 1645 1072 1722 magis
1090 1661 1141 1703 an·

182 1731 246 1790 xios
260 1745 348 1807 quam
366 1728 442 1798 eius,
466 1729 514 1789 cui
534 1727 674 1790 auxilium
698 1728 733 1789 ab
756 1728 983 1809 repetebatur,
1006 1727 1142 1789 liberarit

182 1829 273 1874 onere
288 1828 447 1872 cousensus
460 1811 562 1892 populi
572 1812 697 1874 Romani
711 1812 747 1875 ad
758 1831 863 1894 preces
876 1820 906 1874 et
917 1813 1142 1880 obtestationem

181 1913 297 1967 vorsus,
313 1902 346 1958 ut
361 1894 417 1956 sibi
432 1913 557 1975 poenam
576 1897 710 1975 magistri
723 1899 853 1978 equitum
866 1897 991 1958 dictator
1009 1897 1141 1956 remitte·

153 1987 236 2042 trel.
268 1979 381 2040 tribuni
405 1979 520 2060 quoque
543 1980 710 2051 inclinatam
732 1999 794 2043 rem
819 1983 849 2042 in
867 1998 973 2061 preces
993 1978 1143 2042 subsecuti

182 2083 269 2125 orare
296 2063 470 2125 dictatorern
496 2066 648 2136 insistunt,
676 2073 709 2126 ut
734 2067 848 2126 veniam
876 2065 972 2126 errori
1002 2065 1141 2134 humano,

180 2151 296 2209 reniam
319 2145 534 2210 adulescentiae
557 2148 590 2220 Q.
612 2148 696 2211 Fabii
722 2149 820 2222 daret;
849 2150 919 2210 satis
943 2167 1009 2210 eum
1031 2165 1141 2227 poena-

154 2239 248 2294 trum
272 2231 396 2293 dedisse.
431 2232 564 2312 iamipse
586 2232 767 2304 adulescens,
793 2236 852 2295 iam
874 2241 959 2312 pater
983 2233 1021 2294 Μ.
1034 2231 1143 2292 Fabius
1247 2277 1248 2308 ,

168 2380 170 2388 ,
196 2317 392 2378 contentionis
421 2315 504 2377 obliti
532 2317 729 2396 procumbere
761 2317 797 2378 ad
821 2335 916 2396 genua
941 2323 970 2376 et
990 2318 1065 2376 iram
1091 2315 1155 2376 de·'
1247 2359 1248 2372 ,

153 2402 299 2480 tprecari
316 2399 475 2462 dictatoris.
503 2409 565 2462 tum
583 2401 708 2462 dictator
728 2401 844 2463 silentio
856 2401 947 2462 iacto:
975 2399 1072 2472 „bene
1089 2399 1142 2459 ha·

180 2487 259 2546 bet“
273 2486 384 2564 inquit,
401 2483 571 2556 „Quiritesz
587 2486 657 2545 vicit
667 2484 819 2564 disciplina
835 2484 983 2556 militariS,
1002 2485 1073 2544 vicit
1086 2484 1128 2542 im

181 2571 257 2650 perii
275 2571 427 2638 maiestas,
452 2586 527 2648 quae
546 2570 578 2629 in
599 2567 768 2631 discrimine
786 2569 921 2639 suerunt,
945 2587 983 2629 an
1000 2566 1059 2629 ulla
1077 2575 1144 2646 post

152 2654 258 2714 olranc
280 2652 358 2713 diem
382 2659 489 2713 essent.
529 2670 588 2712 non
609 2671 705 2715 noxae
729 2655 866 2715 eximitur
887 2652 922 2724 0.
945 2652 1068 2720 Fabius,
1093 2651 1143 2729 qui

182 2745 285 2798 contra
302 2735 430 2796 edictum
440 2737 628 2815 imperatoris
644 2739 799 2818 pugnavit,
816 2736 868 2798 sed
882 2754 976 2797 noxae
988 2736 1143 2796 damnatus

182 2821 309 2881 donatur
335 2818 444 2897 populo
466 2818 617 2890 Romano,
647 2821 773 2882 donatur
799 2821 975 2882 tribuniciae
996 2819 1141 2899 potestati,

152 2908 169 2962 d
181 2903 358 2984 precarium,
374 2919 434 2961 non
445 2903 552 2964 iustum
566 2902 703 2965 auxilium
718 2905 835 2967 ierenti.
857 2906 929 2974 uve,
943 2904 1050 2976 Quinte
1062 2901 1142 2972 Fabi,

182 2987 297 3049 ielicior
311 2986 369 3046 hoc
391 3002 536 3047 consensu
553 2988 676 3048 civitatis
693 2988 730 3049 ad
753 2989 895 3050 tuendum
917 2997 960 3059 te,
983 3007 1070 3068 quam
1086 3005 1143 3066 qua

181 3069 269 3153 paulo
282 3075 349 3130 ante
365 3067 515 3131 exultabas
526 3078 663 3143 uctor1a;
678 3089 756 3144 uve,
772 3073 802 3133 1d
818 3073 931 3135 lacinus
947 3089 1043 3143 ausuS,
1059 3073 1144 3132 cuius

182 3156 288 3216 tibine
303 3170 411 3233 parens
425 3152 558 3233 quidem,
583 3157 609 3216 si
624 3157 727 3218 eodem
742 3156 807 3220 loco
822 3157 938 3228 suisset,
965 3176 1024 3237 quo
1040 3156 1094 3216 luit
1109 3155 1143 3216 L.

155 3238 332 3319 tl‘apirius,
356 3238 472 3300 veniam
497 3238 633 3302 dedisset.
664 3260 794 3314 mecum,
816 3248 849 3305 ut
868 3240 962 3313 voles,
984 3241 1143 3302 reverteris

182 3326 214 3383 in
234 3323 375 3402 graliamt
391 3321 501 3402 populo
512 3325 661 3398 Romano,
678 3327 725 3387 cui
737 3328 824 3388 vitam
841 3326 945 3398 debes,
964 3319 1037 3386 nihil
1049 3325 1144 3386 maius

183 3406 379 3486 praestiteris,
396 3424 484 3486 quam
499 3409 524 3470 sl
538 3409 587 3470 lric
602 3409 656 3470 tibi
673 3411 735 3471 dies
750 3413 820 3473 satis
832 3410 1003 3472 documenti
1018 3409 1143 3479 dederit,

155 3497 216 3550 tut
229 3486 318 3549 bellio
340 3505 374 3549 ac
393 3508 466 3568 pace
486 3487 696 3571 pati'legitima
716 3495 841 3575 imperia
862 3497 987 3576 possis.“
1022 3513 1090 3556 cum
1110 3511 1143 3555 se
