2546 3936
360 202 454 247 oman
467 206 498 249 x.
518 203 587 248 our.
608 191 635 248 a.
650 194 676 245 4.
689 183 729 268 [a.
747 187 782 250 G.
797 185 858 272 ³02]
1027 195 1089 260 tot

129 359 179 413 tus
192 350 317 413 Romam
340 360 431 422 essct,
454 353 594 432 magister
618 354 749 434 cqultum
766 354 935 434 pabulatum
952 373 1089 436 egressus

129 455 168 498 cx
181 434 295 496 insidiis
310 437 551 509 circumvenitur,
573 439 722 517 signisque
742 437 854 518 aliquot
868 441 981 502 amissis
1002 441 1087 504 loeda

130 518 256 580 militum
271 519 362 581 caede
377 537 412 581 ac
425 519 495 599 iuga
508 521 540 582 in
554 529 650 583 castra
665 529 711 584 cst
727 521 895 602 conpulsus.
925 525 975 602 qui
988 531 1087 586 terror
1098 533 1121 580 r·

129 621 191 664 non
212 621 248 663 eo
269 610 383 664 tantum
401 621 418 664 a
436 603 528 666 Fabio
548 603 703 678 abhorret,
725 605 846 686 quodsi
870 623 928 688 qua
949 605 1003 668 alia
1024 617 1087 670 arte

127 703 295 765 cognomen
311 705 398 750 sunm
414 690 549 768 aequavit
569 695 632 750 tum
646 707 783 751 mxumo
806 688 920 752 bellicis
943 689 1086 764 laudibus,

129 770 284 832 sedetiam
299 771 377 852 quod
392 789 507 834 memor
521 773 695 853 Papirianae
703 775 845 835 'marinae
860 791 1035 854 numquam,
1055 779 1117 837 nt8

128 853 282 916 dictatoris
294 856 408 916 iniussu
424 856 592 930 dimicaret,
608 857 713 918 adduci
728 859 879 938 potuisset.

191 937 238 1000 lv.
267 939 403 1000 Nuntiata
424 958 459 1002 ea
485 939 582 1002 clades
600 941 724 1003 Romam
744 943 901 1012 maiorem,
926 959 1014 1021 quam
1037 949 1111 1004 real

128 1029 207 1094 erat,
227 1029 374 1085 terrorem
392 1025 507 1086 excivit
537 1042 605 1086 nam
626 1032 660 1086 ut
681 1026 812 1086 exercitu
827 1024 924 1086 deleto
944 1027 983 1086 ita
1004 1027 1087 1088 iusti·

128 1107 202 1168 nun
213 1105 371 1178 indictum,
383 1107 533 1169 custodiae
542 1109 573 1168 in
584 1110 692 1187 portis,
705 1107 820 1187 vlgiliac
831 1110 947 1170 vicatim
960 1120 1087 1182 exactae,
1099 1119 1116 1166 2

129 1207 226 1260 arma,
245 1189 301 1251 tela
314 1192 348 1251 in
363 1208 465 1252 muros
482 1199 631 1270 congesta.
662 1190 799 1254 omnibus
813 1191 978 1254 iunioribus
990 1199 1116 1256 sacra-:t

128 1280 230 1334 mento
255 1274 366 1335 adactis
387 1273 512 1336 dictator
535 1275 571 1336 ad
593 1276 755 1336 exercitum
780 1277 886 1337 misem
911 1279 1010 1338 omnia
1034 1297 1109 1357 spex

128 1355 331 1438 tranquilliora
346 1365 376 1419 et
389 1359 540 1437 conposita
551 1359 684 1437 magistri
698 1360 828 1438 equitum
845 1376 931 1428 cura,
947 1368 1042 1421 castra
1055 1363 1086 1422 ln

128 1442 267 1502 tutiorem
281 1441 379 1502 locum
395 1441 528 1512 redacta,
552 1441 705 1513 cohortes,
728 1460 803 1522 quae
818 1443 901 1521 sigua
918 1445 1085 1514 amiserant
1099 1456 1113 1498 o

129 1531 212 1586 extra
235 1523 341 1586 vallum
362 1527 426 1586 sinc
446 1527 582 1588 tentoriis
603 1526 756 1588 destitutas
775 1527 901 1596 invenit,
925 1528 1086 1588 exercitum

136 1608 252 1670 aridum
267 1627 397 1689 pugnae,
416 1628 474 1690 quo
492 1612 635 1674 maturius
651 1612 812 1690 ignominia
826 1608 1002 1672 aboleretur.
1037 1612 1119 1672 lta-s

127 1711 185 1776 que
196 1693 351 1755 confestim
363 1701 459 1756 castra
471 1694 540 1756 inde
554 1696 585 1758 in
604 1711 707 1774 agrum
725 1693 914 1756 Rusellanum
929 1696 1084 1776 promovit.

127 1796 163 1840 co
178 1785 208 1838 et
220 1776 320 1838 hostes
331 1780 441 1849 secuti,
458 1797 634 1859 quamquam
647 1797 684 1840 ex
698 1779 775 1841 benc
790 1787 873 1859 gesta
892 1797 926 1841 re
940 1797 1085 1842 summam
1097 1788 1115 1837 a

126 1869 156 1923 et
170 1862 202 1922 in
217 1868 318 1942 aperto
330 1863 491 1923 certamine
503 1864 609 1924 virium
626 1880 710 1942 spem
724 1862 887 1934 habebant,
903 1872 1003 1926 tamur
1013 1864 1085 1924 insi·

126 1946 181 2006 diis
191 1963 320 2026 qnoque,
336 1963 408 2026 quas
423 1945 549 2007 feliciter
560 1947 675 2027 experti
686 1955 784 2017 erant,
799 1947 914 2008 bostem
930 1954 1084 2024 temptant.

125 2036 204 2091 tecta
218 2031 359 2091 semiruta
379 2030 435 2090 vici
452 2048 507 2109 per
520 2032 712 2092 vastationem
733 2047 873 2108 agrorum
892 2029 988 2090 deusti
1007 2029 1114 2090 banda

125 2113 231 2194 procul
252 2115 355 2175 castris
373 2114 573 2175 Romanorum
595 2112 726 2174 aberant.
773 2111 816 2173 ibi
837 2111 944 2174 abditis
966 2115 1085 2175 armatis

128 2215 221 2276 pecus
239 2197 271 2255 in
292 2203 451 2276 conspectu
472 2196 613 2277 praesidii
633 2194 771 2268 Romani,
800 2198 848 2258 oui
874 2205 1011 2276 praeerat
1032 2197 1084 2260 Cn.

125 2279 244 2341 Fulviam
264 2277 391 2357 legatus,
417 2279 602 2360 propulsum.
647 2278 684 2339 ad
706 2298 794 2360 quam
815 2279 996 2342 inlecebram
1019 2290 1120 2341 curma

125 2367 294 2426 moveretur
308 2379 396 2423 nemo
407 2362 445 2424 ab
456 2363 587 2426 Romana
601 2363 727 2424 statione
735 2404 745 2439 ‚
762 2370 913 2443 pastorum
924 2379 1000 2425 unus
1016 2380 1086 2444 pro·

126 2463 245 2527 gressus
264 2443 318 2505 sub
338 2446 416 2525 ipsas
438 2449 616 2508 munitiones
636 2444 776 2510 inclamat
795 2445 881 2516 alios,
911 2454 1085 2508 cunctanter

128 2531 165 2593 ab
177 2531 271 2592 ruinis
282 2530 339 2589 rici
352 2545 443 2608 pecus
455 2530 669 2611 propellentes,
688 2531 758 2611 qnid
769 2538 932 2602 cessarent,
949 2546 1016 2591 cum
1031 2548 1085 2610 per

125 2614 222 2676 media
234 2620 328 2676 castra
339 2613 470 2675 Romana
486 2622 548 2675 tuto
560 2631 648 2692 agere
659 2623 791 2694 possent.
818 2613 970 2675 bacccum
986 2612 1082 2691 legato
1093 2622 1113 2674 a

126 2700 256 2762 Caerites
266 2697 386 2779 quidam
396 2697 676 2776 interpretarentur,
696 2704 725 2758 et
739 2698 901 2778 peremnis
919 2696 1084 2777 manipulos

126 2783 251 2845 militum
266 2781 430 2862 indignatio
442 2782 546 2860 iugens
559 2788 650 2852 esset,
663 2798 719 2841 nec
729 2788 829 2843 tamen
843 2781 955 2842 iniussu
971 2783 1084 2844 moveri

126 2867 282 2935 auderent,
297 2865 379 2927 lubet
392 2867 503 2946 peritos
518 2863 636 2942 linguae
647 2864 807 2927 adtendere
822 2867 968 2936 animum,
984 2874 1082 2944 pasto·

125 2969 191 3011 rum
207 2968 305 3010 sermo
319 2951 429 3029 agresti
443 2967 481 3010 an
491 2947 605 3011 urbano
629 2950 751 3030 propior
772 2958 859 3013 esset.
896 2968 963 3011 cum
986 2951 1127 3011 refer-10

125 3040 194 3094 rent
207 3050 312 3094 sonum
332 3033 449 3112 linguae
467 3039 668 3112 etcorporum
689 3033 821 3095 habiturn
836 3035 1006 3094 cinitonem
1021 3031 1083 3092 cul·

125 3119 201 3178 tiora
221 3134 308 3194 quam
333 3117 491 3196 pastoralia
511 3133 593 3178 esse:
621 3118 689 3188 „ite
706 3119 809 3195 igitur,
836 3116 951 3177 dicite“
978 3117 1081 3195 inquit,

125 3249 143 3273 „
151 3201 291 3280 detegant
307 3202 484 3280 nequiquam
507 3200 639 3261 conditas
658 3199 792 3261 insidias:
814 3199 912 3262 omnia
933 3199 1010 3259 scire
1023 3197 1082 3258 Ro·

124 3304 260 3355 manum,
276 3302 331 3346 uec
342 3286 436 3363 magis
447 3285 506 3346 iam
518 3283 585 3345 dolo
596 3285 662 3365 capi
673 3302 760 3364 quam
772 3284 862 3344 armis
876 3283 954 3342 vinei
963 3291 1082 3360 posse.“

123 3369 197 3432 haec
209 3370 259 3432 ubi
271 3369 369 3431 audita
382 3376 450 3430 sunt
463 3377 493 3430 et
506 3368 542 3429 ad
558 3386 623 3440 eos,
641 3369 692 3448 qni
704 3368 900 3430 consederant
912 3367 943 3426 in
958 3366 1080 3437 insidiis,
1093 3373 1122 3424 11

123 3455 251 3533 perlata,
270 3461 494 3523 consurrectum
505 3459 628 3535 repente
639 3471 676 3513 ex
690 3451 811 3514 latebris
822 3457 880 3522 est,
897 3457 927 3511 et
937 3451 967 3511 in
980 3459 1083 3532 paten-

1251 3553 1265 3668 r
