2538 3946
321 232 417 274 cmm
429 234 460 274 x.
476 232 545 275 om.
556 220 600 274 aa.
616 220 658 274 eo.
675 210 715 294 [s.
732 217 767 278 o.
781 215 842 298 aes]
1002 225 1064 288 175

102 384 165 446 sive
185 382 250 462 ipse
270 389 376 460 sponte
397 398 463 451 sua,
486 380 554 459 quia
575 377 685 440 bellum
701 383 727 441 ei
747 384 841 444 maius
855 385 886 445 in
902 394 1109 466 conspectum

103 475 184 537 crat,
209 483 297 545 quam
314 473 455 543 quantum
471 481 536 524 esse
556 463 651 524 lamae
667 465 845 538 crediderat,
869 471 929 530 sive
945 480 1063 533 senatus

103 549 239 612 consulto
257 550 381 609 accitus:
399 549 509 609 namin
524 557 681 626 utrumque
697 557 831 610 auctores
849 560 925 613 sunt.
954 553 990 615 ab
1005 556 1059 634 Ap.
1073 561 1107 614 lt

103 633 227 698 Claudio
242 641 381 712 praetore
395 639 555 692 retractum
570 631 688 710 quidam
705 633 798 696 videri
816 635 933 706 volunt,
948 655 1015 697 cum
1030 639 1062 698 in

102 726 207 780 senatu
218 724 247 777 et
261 715 338 795 apud
354 715 511 794 populum,
525 715 555 775 id
567 714 645 792 quod
655 733 711 794 per
721 715 834 779 litteras
848 718 968 780 adsidue
983 720 1061 780 iece-

102 809 159 871 rat,
175 810 322 861 terrorem
333 799 403 859 Delli
410 799 526 860 Etrusci
536 810 672 878 augeret:
687 817 747 862 non
758 803 949 864 suffecturum
956 802 1061 864 ducem

101 903 210 955 unum,
236 901 292 944 nec
311 885 472 944 exercitum
489 902 582 944 unum
603 884 741 945 adversus
761 894 899 964 quattuor
918 887 1058 965 populos;

101 968 267 1050 periculum
283 985 362 1037 esse,
387 969 561 1028 sive'iuncti
583 985 676 1028 unum
697 976 849 1047 premant,
873 971 932 1031 sire
951 970 1059 1031 diversi
1072 977 1106 1032 14

102 1061 209 1132 gerant
222 1051 347 1120 bellum,
363 1067 401 1110 ne
416 1050 452 1110 ad
468 1053 567 1112 omnia
587 1051 673 1111 simul
689 1051 773 1113 obire
794 1072 870 1114 unus
884 1071 944 1115 non
958 1055 1060 1135 possit.

102 1137 176 1198 duas
190 1153 222 1195 se
233 1135 274 1194 ihi
288 1133 420 1211 legiones
431 1135 578 1194 Romanas
592 1134 762 1211 reliquisse,
778 1143 808 1197 et
820 1139 918 1198 minus
929 1139 1058 1218 quinque
1072 1145 1106 1197 to

101 1218 183 1281 milia
204 1218 336 1297 peditum
356 1219 545 1295 equitumque
569 1234 636 1275 cum
658 1217 749 1277 Fabio
770 1221 894 1280 venisse.
926 1221 983 1282 sibi
997 1220 1060 1301 pla·

101 1320 171 1364 cere
190 1303 223 1363 P.
241 1302 362 1360 Decium
378 1299 528 1358 consulem
542 1300 639 1376 primo
652 1317 768 1377 quoque
783 1308 917 1381 ternpore
930 1305 962 1362 in
973 1305 1060 1364 Etru·

100 1389 177 1446 riam
194 1383 232 1444 ad
246 1380 390 1458 collegam
411 1382 574 1459 proticisci,
593 1381 625 1440 L.
640 1380 796 1442 Volumnio
818 1385 970 1459 Samnium
990 1405 1060 1464 pro-

99 1470 229 1529 vinciam
255 1466 335 1534 dari;
361 1464 386 1523 sl
412 1462 514 1523 consul
544 1462 626 1522 malit
651 1465 682 1523 in
704 1483 787 1526 suam
811 1469 992 1545 provinciam
1007 1469 1106 1537 irato

99 1551 289 1612 Volumnium
309 1549 341 1607 in
362 1548 509 1608 Etruriam
527 1546 565 1606 ad
587 1546 738 1609 consulem
754 1565 821 1610 cum
837 1553 968 1610 exercitu
984 1552 1061 1610 iusto

101 1634 251 1697 consulari
264 1633 420 1712 proticisci.
451 1649 518 1691 curn
534 1648 670 1708 magnam
686 1639 801 1710 partem
816 1642 948 1694 moveret
965 1635 1057 1694 oratio
1072 1639 1103 1690 17

100 1719 262 1799 praetoris,
277 1717 309 1777 P.
325 1716 445 1776 Decium
466 1717 615 1776 censuisse
636 1715 750 1786 ierunt,
774 1725 807 1778 nt
826 1719 925 1778 omnia
945 1719 1061 1796 integra

103 1821 137 1865 ac
158 1803 251 1862 libera
272 1801 306 1871 Q.
327 1798 418 1860 Fabio
442 1808 643 1870 servarentur,
672 1799 773 1859 donec
791 1801 836 1860 rel
857 1803 936 1879 ipse,
963 1803 1061 1880 siper
1087 1855 1090 1860 ,

103 1885 289 1949 commodum
305 1885 350 1944 rei
363 1882 499 1962 publicae
511 1889 625 1960 posset,
646 1882 770 1942 liomam
785 1886 930 1954 venisset,
946 1884 992 1945 vel
1008 1884 1060 1944 ali·
1109 1888 1111 1892 '

102 1986 189 2049 quem
202 1986 238 2027 ex
253 1967 358 2044 legatis
371 1967 513 2036 misisset,
528 1985 546 2026 a
560 1985 619 2045 quo
635 1966 762 2026 disceret
773 1975 900 2036 senatus,
916 1976 1057 2046 quantum
1071 1971 1105 2022 18

101 2055 132 2113 in
150 2051 268 2114 Etruria
289 2051 359 2111 belli
376 2056 465 2120 esset,
488 2052 662 2129 quantisque
683 2049 947 2111 administrandum
968 2050 1061 2128 copiis

103 2145 131 2196 et
147 2144 218 2214 quot
232 2153 286 2212 per
301 2136 391 2195 duces
402 2141 489 2194 esset.
534 2133 632 2193 XXVI.
661 2132 768 2193 Fabius
782 2135 953 2195 ut'llomam
964 2133 1060 2203 rediit,
1075 2139 1089 2188 l

102 2221 177 2279 etin
192 2226 295 2278 senatu
313 2225 342 2278 et
357 2217 518 2296 productus
534 2214 571 2274 ad
591 2216 733 2295 populum
748 2217 875 2278 mediam
898 2219 1068 2278 orationem.

101 2302 218 2371 habuit,
234 2308 267 2361 ut
284 2319 340 2361 nec
354 2317 463 2378 augere
474 2317 531 2359 nec
544 2301 680 2360 minuere
692 2300 841 2361 videretur
857 2299 928 2359 belli
942 2301 1060 2369 lamam,

100 2387 253 2463 magisque
267 2387 297 2444 in
314 2383 407 2444 altero
422 2383 603 2444 adsumendo
618 2384 693 2443 duce
716 2383 840 2443 aliorum
855 2382 1010 2461 indulgere
1025 2383 1060 2442 ti·

100 2471 178 2530 mori
192 2487 280 2549 quam
295 2486 347 2528 suo
367 2475 417 2528 aut
432 2466 612 2546 reipublicae
635 2466 767 2546 periculo
783 2465 947 2527 consulere.
982 2473 1089 2526 cete-2

100 2571 167 2614 rum
188 2555 213 2612 si
236 2551 292 2612 sibi
315 2553 479 2612 adiutorem
506 2550 576 2619 belli
603 2553 773 2629 sociumque
802 2552 919 2628 imperii
944 2548 1059 2618 darent,

101 2654 229 2716 quonam
253 2635 342 2695 modo
356 2653 388 2695 se
409 2635 540 2694 oblivisci
559 2635 591 2695 P.
614 2635 696 2695 Decii
718 2633 846 2694 consulis
864 2651 919 2712 per
939 2640 983 2693 tot
999 2631 1059 2692 col·

101 2720 177 2798 legia
209 2721 324 2797 experti
348 2718 452 2798 pessel
474 2720 623 2778 neminem
647 2719 778 2777 omniurn
802 2735 902 2777 secum
919 2717 1090 2794 coniungit

100 2802 203 2872 malle;
221 2811 250 2862 et
272 2803 423 2882 copiarum
440 2803 509 2862 satis
529 2801 585 2862 sibi
608 2819 675 2862 eum
700 2801 732 2861 P.
748 2800 837 2861 Decio
856 2807 885 2860 et
900 2818 1058 2880 numquam

101 2887 224 2946 nimium
249 2885 377 2948 hostiurn
404 2887 482 2946 iore:
509 2886 555 2946 sin
570 2884 681 2962 collega
707 2883 777 2963 quid
792 2885 870 2947 aliud
884 2883 1004 2954 mallet,
1031 2891 1061 2944 at

101 2966 158 3028 sibi
179 2969 212 3026 L.
241 2967 427 3030 Volumnium
456 2969 561 3031 darent
587 2970 763 3030 adiutorem.
800 2971 932 3030 omnium
960 2976 1088 3027 rernmt

101 3049 256 3112 arbitrium
272 3058 302 3110 et
317 3071 334 3111 a
348 3053 457 3131 populo
473 3061 503 3111 et
518 3072 535 3112 a
550 3063 653 3112 senatu
670 3059 699 3112 et
715 3053 751 3111 ab
766 3054 830 3130 ipso
846 3053 957 3126 collega
969 3049 1059 3109 Fabio

100 3133 277 3216 permissum
299 3140 352 3193 est.
384 3143 413 3193 et
432 3152 499 3193 cum
513 3135 546 3194 P.
571 3136 676 3193 Decius
692 3152 723 3193 se
741 3135 772 3192 in
790 3135 941 3194 Samnium
963 3129 1008 3190 vel
1028 3131 1060 3189 in

101 3218 249 3281 Etruriam
265 3217 411 3296 proticisci
430 3225 566 3294 paratum
584 3233 647 3274 esse
671 3214 860 3285 ostendisset,
880 3221 961 3272 tanta
976 3212 1059 3272 laeti·

101 3304 142 3366 tia
158 3321 193 3364 ac
222 3299 379 3382 gratulatio
407 3299 476 3368 luit,
504 3306 537 3358 ut
561 3299 783 3376 praeciperetur
806 3298 928 3356 victoria
954 3295 1060 3356 animis

101 3389 342 3470 triumphusque,
376 3402 437 3446 non
465 3381 575 3443 beilum
601 3381 751 3455 decretum
784 3378 954 3446 consulibus
978 3377 1060 3439 ride·

101 3478 194 3534 retur.
