2546 3936
294 208 388 250 nmen
401 210 444 254 rx.
462 209 529 251 oar.
546 187 701 271 lo.1e.[a.
718 192 752 254 (i.
769 199 829 252 320.
843 191 906 274 319]
1015 197 1077 262 109

120 364 219 425 coriae
239 359 402 428 restiterat,
424 354 508 416 brevi
523 356 559 417 ad
580 373 663 436 spem
678 366 797 418 eventus
817 360 979 437 respondit.
1009 377 1077 422 narn

118 447 241 508 insessis
253 441 389 503 omnibus
404 441 470 511 viis,
486 459 540 519 per
552 459 624 520 quas
635 450 816 502 commeatus
829 462 864 504 ex
874 444 992 504 Samnio
1009 442 1076 504 sub·

120 527 316 598 vehebantur,
333 525 408 586 lame
428 525 529 586 domiti
545 525 704 595 Samnites,
723 527 773 604 qui
789 526 930 587 Luceriae
945 529 976 586 iu
991 546 1076 606 prae-

119 614 195 674 sidio
220 617 318 679 erant,
340 607 452 686 legatos
477 610 585 669 misere
609 609 645 668 ad
671 609 820 670 consulem
841 611 1018 680 Romanurn,
1046 618 1098 671 ut'

119 697 249 775 receptis
271 692 430 773 equitibus,
447 694 497 771 qui
520 711 606 754 causa
626 692 696 754 belli
712 702 825 764 essent,
849 694 1004 754 absisteret
1025 693 1076 753 ob-

120 780 244 840 sidione.
273 779 309 838 iis
321 777 455 855 Papirius
470 779 510 838 ita
530 777 695 856 respondit:
720 776 854 839 debuisse
872 797 922 838 eos
937 778 1101 838 Pontiumo

120 863 253 924 Herenni
273 860 383 928 lilium,
406 879 464 939 quo
485 868 604 921 auctore
620 861 767 922 Romanos
789 861 843 922 sub
864 863 966 938 iugum
981 862 1076 922 misis-

121 954 204 1016 sent,
221 945 390 1014 consulere,
406 944 475 1022 quid
490 945 572 1004 victis
584 945 754 1024 patiendum
769 947 923 1006 censeret.
946 945 1104 1006 ceterumt

119 1032 260 1109 quoniam
281 1029 317 1088 ab
338 1028 470 1088 hostibus
492 1029 523 1088 iu
536 1047 568 1088 se
591 1046 682 1107 aequa
702 1030 790 1090 statui
810 1048 895 1108 quam
919 1031 950 1090 iu
971 1031 1078 1109 seipsi

71 1157 76 1165 ·
120 1115 202 1174 ferre
218 1111 390 1181 maluerint,
406 1113 543 1188 nuntiare
560 1112 712 1173 Luceriam
730 1113 828 1183 iussit,
852 1131 932 1174 arma
948 1114 1077 1172 sarcinas

119 1200 251 1258 iumenta
271 1195 487 1256 multitudinem
507 1214 625 1256 omnem
645 1195 784 1256 inbellem
800 1197 878 1256 iutra
899 1198 1014 1257 moenia
1029 1215 1076 1255 re·

119 1279 303 1360 linquerent;
318 1277 440 1340 militem
456 1297 487 1338 se
502 1296 567 1338 curn
581 1278 703 1356 singulis
716 1281 895 1339 vestimentis
910 1279 963 1340 sub
976 1281 1104 1358 iugumo

120 1367 294 1433 missurum,
321 1361 511 1422 ulciscentem
535 1361 668 1431 inlatam,
692 1381 751 1422 non
774 1380 878 1422 novam
899 1363 1077 1422 inferentem

120 1448 321 1526 ignominiam.
359 1445 432 1506 nihil
447 1455 623 1506 recusatum.
653 1455 766 1524 septem
781 1445 860 1506 milia
878 1445 1004 1506 militum
1021 1444 1103 1504 subt

119 1534 221 1610 iugum
245 1532 348 1600 missa,
371 1529 539 1609 praedaque
559 1532 664 1608 ingens
682 1530 824 1590 Luceriae
848 1540 931 1609 capta
949 1531 1077 1608 receptis

119 1615 259 1678 omnibus
275 1615 367 1692 signis
385 1615 547 1692 armisque,
563 1632 638 1693 quae
653 1613 688 1672 ad
704 1614 845 1674 Caudium
860 1615 966 1674 amissa
985 1621 1076 1684 erant,

121 1706 164 1771 et,
190 1699 270 1778 quod
285 1699 383 1758 omnia
404 1697 562 1776 superabat
578 1697 697 1775 gaudia,
720 1698 864 1776 equitibus
886 1699 1076 1775 recuperatis,

120 1801 195 1862 quos
210 1785 335 1860 pignora
347 1783 427 1860 pacis
438 1781 645 1842 custodiendos
659 1782 813 1842 Luceriam
827 1781 972 1842 Samnites
988 1779 1077 1842 dede·

120 1873 197 1928 rant.
229 1866 308 1926 haud
321 1865 414 1926 lorme
428 1865 483 1924 alia
497 1867 657 1926 mutatione
672 1864 767 1924 subita
783 1883 883 1925 rerum
898 1864 1005 1925 clarior
1018 1866 1078 1924 vic·
1090 1871 1106 1923 8

119 1951 195 2012 toria
211 1947 312 2028 populi
322 1949 448 2009 Romani
463 1957 514 2018 est,
530 1951 557 2008 si
570 1949 689 2026 quidem
701 1951 798 2017 otiam,
813 1947 892 2027 quod
903 1946 1078 2026 quibusdam

119 2036 152 2094 in
173 2031 326 2094 annalibus
348 2033 479 2101 invenio,
500 2033 621 2092 Pontius
638 2032 770 2092 llerenni
792 2031 881 2101 filius,
904 2031 1078 2092 Samnitium

119 2120 298 2196 imperator,
314 2124 347 2178 ut
364 2117 495 2194 expiaret
508 2114 660 2176 consulum
675 2117 884 2192 ignominiam,
905 2115 959 2175 sub
976 2117 1077 2192 iugum

120 2220 188 2264 cum
207 2201 313 2261 ceteris
328 2209 372 2260 est
386 2202 501 2260 missus.
534 2206 665 2259 ceterum
681 2199 712 2258 id
729 2199 827 2258 minus
847 2201 954 2268 miror,
973 2198 1110 2259 eison-9

119 2304 187 2346 rum
203 2303 267 2345 esse
283 2285 320 2344 de
338 2285 466 2346 hostium
483 2282 557 2344 duce
571 2282 670 2344 dedito
686 2283 849 2360 missoque,
871 2283 901 2341 id
915 2283 1009 2358 magis
1023 2283 1078 2342 mi·

119 2367 214 2431 rabile
230 2376 275 2428 est
289 2367 412 2445 ambigi,
428 2368 573 2429 Luciusne
588 2365 741 2428 Cornelius
757 2364 881 2425 dictator
896 2383 964 2424 cum
977 2363 1009 2424 L.
1022 2364 1077 2424 Pa·

120 2455 197 2533 pirio
213 2453 339 2514 Cursore
354 2453 493 2528 magistro
510 2451 640 2531 equitum
658 2467 708 2510 eas
720 2467 768 2508 res
783 2449 819 2520 ad
835 2448 974 2510 Caudium
992 2457 1079 2527 atque

119 2533 1122 2614 indeLuceriamgesserit,ultorqueunicusllomanaeignominiaelo

120 2620 297 2681 haudsciam
306 2620 507 2680 aniustissimo
515 2618 663 2696 triumpho
671 2619 706 2678 ad
714 2615 1079 2678 camaetatemsecundnm

63 2723 65 2727 ·
120 2703 243 2765 Furium
258 2701 411 2764 Camillum
426 2703 664 2780 triumphaverit,
687 2719 725 2762 an
741 2699 894 2761 consulum
911 2699 1079 2778 Papiriique

119 2789 313 2866 praecipuum
334 2786 364 2844 id
385 2786 474 2845 decus
494 2786 541 2846 sit.
581 2787 714 2863 sequitur
742 2784 821 2845 hunc
851 2802 984 2844 errorem
1005 2783 1078 2844 alius
1090 2791 1119 2841 11

120 2889 221 2940 error,
248 2870 396 2931 Cursorne
410 2868 544 2947 Papirius
563 2869 706 2946 proximis
723 2869 848 2930 comitiis
863 2888 927 2930 cum
946 2869 980 2938 Ο.
995 2867 1079 2928 Aulio

122 2953 283 3012 Cerretano
294 2955 402 3012 iterum
415 2951 529 3014 obrem
542 2951 619 3012 bene
634 2961 745 3030 gestam
757 2954 899 3014 Luceriae
910 2953 1079 3012 continuato

122 3037 295 3112 magistratu
308 3035 411 3096 consul
425 3039 543 3097 tertium
563 3043 679 3096 creatus
693 3038 743 3104 sit,
763 3054 801 3095 an
816 3037 848 3096 L.
866 3035 999 3114 Papirius
1016 3036 1078 3094 Mu·

122 3118 252 3198 gilanuS,
269 3126 298 3178 et
312 3120 342 3177 in
358 3122 531 3196 cognomine
547 3127 676 3180 erratum
694 3121 740 3179 sit.

144 3202 152 3217 ⁸
185 3202 259 3262 XVl.
301 3202 442 3263 Convenit
462 3206 520 3263 iam
546 3202 616 3262 inde
636 3220 690 3279 per
714 3199 849 3261 consules
875 3199 988 3277 reliqua
1009 3196 1109 3257 bellil

121 3287 264 3366 perlecta.
295 3285 397 3346 lubus
418 3306 483 3348 oum
499 3287 654 3347 Frentanis
673 3302 733 3343 uno
749 3282 878 3344 secundo
899 3280 1012 3360 proelio
1029 3281 1079 3341 ‹le-

121 3370 254 3440 bellavit,
275 3369 438 3449 urbemque
459 3373 567 3448 ipsam,
591 3387 648 3447 quo
669 3386 700 3429 se
721 3367 785 3428 lusa
807 3365 972 3427 contulerat
993 3366 1079 3436 acies,

120 3455 274 3516 obsidibus
293 3455 445 3531 imperatis
465 3456 496 3514 in
515 3453 693 3514 deditionem
712 3452 835 3530 accepit.
872 3451 937 3530 pari
958 3450 1112 3512 fortunat
