2532 3938
173 143 216 223 '24
314 173 408 215 nmen
421 173 477 216 ru.
491 170 559 214 ese.
577 158 621 212 23.
637 161 680 219 24.
698 149 738 234 [e.
754 175 785 216 u.
801 173 826 214 o.
843 157 902 210 404.
921 149 984 235 405]

175 323 290 385 aerario
302 320 427 389 deierre,
439 326 578 399 quattuor
590 320 713 400 expletis
724 319 889 398 legionibus
900 319 979 399 quod
987 320 1134 399 superfuit

142 405 299 468 emilitum
313 405 345 465 P.
360 403 475 465 Valerio
485 403 653 465 Publicolae
665 404 796 483 praetori
811 403 945 474 tradidit,
963 413 1065 466 auctor
1080 425 1133 486 pa·

174 489 270 551 tribus
282 487 432 550 scribendi
447 485 567 548 alterins
582 489 741 558 exercitae,
764 487 842 567 quod
857 487 893 548 ad
915 489 1045 552 incertos
1061 489 1134 550 belli

143 582 161 634 o
175 581 296 636 eventus
307 572 470 634 subsidium
482 573 527 632 rei
540 571 676 658 publicae
692 578 779 632 esset.
803 573 868 651 ipse
882 573 941 633 iam
952 574 1023 634 satis
1037 576 1133 636 omni·

174 657 231 720 hus
253 658 405 718 instructis
421 657 647 736 conparatisque
664 655 701 715 ad
723 655 839 716 hostem
859 659 966 736 pergit.
1003 659 1085 718 cuius
1101 665 1134 718 ut

174 743 257 822 prius
273 748 409 803 nosceret
425 741 517 811 vires,
534 757 622 818 mam
638 738 770 819 periculo
786 739 888 800 ultimo
906 747 1078 820 temptaret,
1101 744 1134 804 in

174 824 304 896 tumulo,
327 843 415 904 quem
429 825 596 903 proximum
617 825 722 884 castris
738 822 888 884 Gallorum
907 842 1014 903 capere
1028 827 1133 904 potuit,
1157 883 1165 888 .

144 911 283 974 ordinm
299 909 407 970 ducere
424 908 530 986 coepit.
561 907 732 985 genslerox
747 915 776 967 et
789 909 902 985 ingenii
916 908 993 969 aridi
1008 911 1044 971 ad
1058 925 1134 989 pug-

175 1013 245 1056 nem
269 1012 336 1054 eum
360 990 464 1071 procul
484 992 551 1052 risis
571 991 771 1052 Romanorum
798 992 903 1070 signis,
932 1000 966 1053 ut
987 992 1134 1072 extemplo

175 1077 321 1158 proehum
334 1077 458 1144 initura,
481 1075 668 1155 exphcuisset
687 1076 796 1145 aciem,
817 1083 972 1154 postquam
988 1094 1085 1156 neque
1101 1078 1134 1138 in

175 1179 303 1240 aequum
317 1159 432 1220 demitti
451 1175 555 1236 agmen
572 1159 656 1228 ridit,
684 1165 713 1218 et
736 1177 803 1220 eum
821 1157 880 1219 loei
900 1158 1053 1222 altitudine
1071 1167 1133 1220 tum

176 1243 252 1306 rallo
268 1245 354 1305 etiam
368 1243 460 1322 integi
475 1242 640 1313 liomanos,
661 1242 813 1322 perculsos
827 1261 937 1322 pavore
952 1251 1030 1313 rata,
1046 1242 1135 1305 simul

177 1329 398 1409 oportuniores,
414 1327 492 1406 quod
503 1329 610 1388 intenti
623 1333 685 1388 tum
697 1329 824 1388 maxime
839 1329 923 1407 operi
939 1335 1045 1398 essent,
1058 1329 1135 1389 truci
1185 1385 1188 1388 .

144 1413 304 1474 ‘telamore
324 1411 503 1489 adgreditur.
541 1410 577 1472 ab
593 1412 733 1472 Romanis
761 1429 816 1472 nec
836 1429 910 1489 opus
933 1414 1135 1474 intermissum

178 1531 214 1544 -
232 1496 325 1557 triarii
340 1501 438 1565 erant,
455 1497 506 1573 qui
520 1492 694 1556 muniebant
706 1527 749 1553 ,-
760 1501 789 1554 et
805 1494 841 1554 ah
857 1494 978 1555 hastatis
993 1497 1135 1576 principi·

175 1580 304 1659 busque,
323 1579 374 1658 qui
387 1584 445 1656 'pro
460 1576 657 1638 munitoribus
677 1579 783 1637 intenti
805 1579 968 1655 armatique
983 1586 1134 1650 steterant,

148 1662 321 1744 sproelium
335 1662 450 1720 initum.
481 1668 601 1739 praeter
610 1662 748 1720 virtutem
768 1659 851 1720 locus
865 1678 982 1738 quoque
998 1663 1134 1739 superior

178 1746 299 1815 adiuvit,
321 1753 354 1804 ut
370 1743 429 1823 pila
449 1744 547 1804 omnia
567 1743 727 1822 hastaeque
747 1761 807 1804 non
824 1749 975 1824 tamquam
989 1761 1135 1823 exaequo

176 1831 265 1890 missa
280 1845 369 1897 rana,
387 1826 465 1906 quod
480 1825 654 1907 plerumque
669 1827 715 1897 lit,
734 1826 888 1897 caderent,
916 1827 968 1888 sed
987 1829 1085 1889 omnia
1099 1827 1135 1888 li·

144 1913 260 1974 obnata
274 1910 454 1991 ponderibus
468 1911 646 1989 figerentur;
659 1912 831 1992 oneratique
843 1911 909 1972 telis
924 1911 1013 1984 Galli,
1027 1911 1136 1993 quibus

178 2003 228 2058 aut
242 2013 366 2075 corpora
382 1995 520 2056 transfixa
534 2002 585 2054 aut
598 2003 790 2073 praegravata
809 1995 1033 2057 inhaerentibus
1048 2013 1134 2074 gere-

177 2079 250 2141 bant
263 2085 353 2150 scuta,
370 2097 436 2139 cum
448 2097 538 2139 cursu
547 2096 641 2157 paene
656 2080 686 2138 in
698 2079 852 2141 adversum
864 2080 1019 2149 subissent,
1035 2081 1133 2157 primo

138 2164 284 2224 toineerti
306 2164 459 2232 restitero:
483 2162 551 2222 dein
574 2179 641 2223 cum
659 2165 722 2244 ipsa
738 2165 885 2226 cunetatio
914 2171 943 2224 et
957 2163 1004 2223 his
1019 2163 1133 2224 animos

177 2248 331 2308 minuisset
350 2254 379 2307 et
393 2247 520 2307 auxisset
534 2245 625 2318 hosti,
642 2246 751 2327 inpulsi
766 2255 847 2309 retro
867 2265 956 2308 ruere
976 2246 1025 2307 alii
1043 2263 1133 2326 super

178 2329 250 2392 alios
275 2338 462 2409 stragemque
487 2331 619 2391 interae
647 2330 737 2392 caede
763 2333 826 2410 ipsa
855 2331 1018 2392 foediorem
1046 2329 1132 2392 dare:

178 2414 251 2476 adeo
271 2415 424 2494 praecipiti
454 2413 541 2475 turha
567 2413 669 2474 obtriti
689 2412 790 2493 plures
813 2434 902 2495 quam
922 2415 1003 2475 lerro
1026 2415 1133 2476 necati.

147 2507 162 2558 t
176 2497 275 2559 XXIV.
305 2497 438 2559 Necdum
455 2503 536 2558 certa
548 2496 689 2558 Romanis
704 2499 826 2558 victoria
843 2505 921 2567 erat;
937 2497 993 2558 alia
1007 2500 1039 2558 in
1053 2516 1133 2558 cam·

147 2591 248 2662 epum
265 2582 412 2658 degressis
426 2588 581 2659 supererat
593 2580 701 2641 moles:
719 2598 846 2660 namque
862 2581 1019 2644 multitudo
1035 2581 1133 2645 Galle·

177 2684 245 2726 rum
267 2683 387 2726 sensum
409 2683 526 2724 omnem
545 2663 611 2724 talis
638 2665 737 2725 damni
759 2683 939 2744 exsuperans
958 2665 1037 2728 velut
1059 2683 1134 2726 nora

178 2766 283 2810 rursus
301 2750 451 2809 exoriente
464 2749 527 2808 acie
541 2749 690 2826 integrum
701 2748 824 2810 militem
838 2749 978 2812 adversus
993 2751 1134 2823 victorem

145 2831 293 2893 chostem
317 2829 427 2900 ciebat;
449 2833 588 2909 stetitque
610 2849 771 2911 suppresso
791 2834 905 2913 impetu
918 2833 1082 2905 Romanus,
1104 2840 1136 2894 ct

178 2916 246 2996 quia
256 2915 363 2975 iterum
374 2913 459 2975 fessis
473 2913 625 2975 subeunda
637 2916 785 2976 dimicatio
796 2924 873 2988 erat,
885 2923 915 2978 et
928 2917 1006 2997 quod
1022 2915 1133 2989 consul,

178 2999 247 3061 dum
262 3000 340 3059 iuter
360 2999 507 3076 primores
524 2998 660 3060 incautus
680 3001 784 3078 agitat,
806 3000 888 3062 laevo
910 3019 1013 3062 umero
1028 3001 1135 3062 matari

143 3091 162 3140 4
175 3101 269 3164 prope
288 3082 410 3144 traiecto
422 3089 552 3142 cesserat
564 3101 724 3162 parumper
739 3101 776 3145 ex
791 3086 864 3146 acie.
893 3085 1012 3164 iamque
1027 3087 1134 3146 omissa

178 3166 343 3229 cunctando
359 3166 480 3227 victoria
502 3172 579 3238 erat,
601 3184 669 3229 cum
691 3167 795 3229 consul
810 3167 931 3230 vulnere
953 3168 1071 3248 alligato
1087 3187 1134 3230 re·

176 3249 328 3312 rectusad
343 3251 439 3329 prima
455 3251 538 3328 signa
564 3251 660 3331 „quid
674 3258 748 3323 stas,
764 3252 894 3314 milesi“
915 3255 1024 3332 inquit:
1048 3270 1135 3324 „non

178 3349 246 3394 oum
260 3334 364 3394 Latino
380 3332 547 3414 Sabinoque
561 3334 645 3398 hoste
658 3353 708 3398 res
728 3343 786 3406 est,
811 3355 900 3418 quem
916 3338 1025 3398 victum
1045 3337 1136 3398 armis

147 3417 290 3478 osocium
305 3434 340 3476 ex
352 3416 437 3477 hoste
453 3417 557 3478 iacies:
573 3420 604 3478 in
618 3419 719 3480 beluas
733 3421 904 3482 strinximus
918 3419 1045 3491 ferrum;
1062 3421 1135 3504 heu·
