2538 3946
186 213 251 297 252
373 225 468 266 nmen
476 225 541 266 xxr.
556 223 623 266 eur.
640 210 683 262 56.
696 211 741 264 57.
757 200 796 283 [a.
812 225 843 263 n.
858 225 884 264 e.
902 197 964 285 536]

164 373 303 434 etlumen
317 373 399 442 iecit,
414 373 647 449 transgressique
661 371 694 430 in
705 379 800 431 castra
813 377 1020 449 pervenerunt.
1050 369 1157 430 imber
1251 391 1252 428 ;

192 458 258 516 nive
275 457 382 516 mixtus
398 464 427 517 et
445 453 628 516 intoleranda
643 455 686 513 ris
705 453 823 532 frigoris
839 461 868 514 et
887 452 1022 513 homines
1038 452 1156 514 multos

165 547 181 596 7
192 549 222 600 et
241 541 371 600 iumenta
391 546 421 598 et
441 537 612 617 elephantos
632 555 726 617 prope
745 539 841 598 omnis
862 535 1032 616 absumpsit
1080 536 1156 596 finis

192 623 364 702 insequendi
387 623 479 683 hostis
500 622 607 682 Poenis
626 621 736 681 llumen
756 620 864 682 'l'rebia
883 619 953 688 luit,
976 621 1065 680 etita
1085 627 1155 680 tor-
1251 673 1252 678 ,

191 712 296 784 pentes
316 705 383 785 gelu
403 707 433 766 in
456 713 550 766 castra
570 704 702 772 rediere,
728 706 825 765 utrix
850 702 990 764 laetitiam
1009 704 1155 764 notoriae
1251 743 1252 752 η

164 791 345 850 usentirent.
371 786 1155 868 itaquenoeteinsequenti,eumpraesidiumcastro·

192 891 259 932 rum
275 879 305 932 et
324 872 402 952 quod
416 872 721 932 relicum-sauciorum
736 889 772 931 ex
790 887 897 947 magna
917 877 1001 948 parte
1023 869 1154 931 militum
1251 885 1252 916 t

164 965 181 1015 9
193 964 256 1016 erat
269 955 381 1017 ratibus
392 955 529 1016 Trebiam
551 956 723 1024 traicerent,
749 962 799 1032 aut¹
813 953 886 1013 nihil
900 967 1020 1014 sensere
1035 953 1154 1014 obstre-
1251 977 1252 986 ¹

194 1047 284 1118 pente
297 1037 393 1118 pluria
409 1046 472 1108 aut,
490 1039 557 1116 quia
567 1039 626 1098 iam
640 1039 753 1098 moveri
767 1036 927 1116 nequibant
945 1055 1017 1115 prae
1033 1035 1154 1098 laesitu·
1251 1063 1252 1118 q

195 1122 264 1182 dine
281 1139 315 1182 ae
330 1121 514 1190 vulneribus,
530 1122 639 1182 sentire
657 1139 721 1181 sese
736 1118 969 1191 dissimularunt,
986 1122 1153 1199 quietisque
1251 1127 1252 1172 l

193 1205 299 1265 Poenis
315 1206 403 1265 tacito
414 1205 529 1282 agmine
541 1204 577 1265 ab
590 1204 727 1282 Scipione
738 1202 858 1265 consule
870 1202 1150 1265 exereitusPlacen-
1251 1207 1252 1210 ’

118 1305 121 1310 ·
193 1289 264 1348 tiam
285 1295 330 1350 est
348 1288 522 1368 perductus,
549 1288 619 1348 inde
639 1287 718 1347 Pado
739 1289 879 1348 traiectus
899 1287 1090 1359 Cremonam,
1113 1304 1153 1347 ue
1251 1355 1252 1384 ,

194 1372 319 1433 duorum
336 1375 516 1433 exercituum
533 1371 666 1431 bibernis
681 1390 738 1432 uua
754 1370 868 1432 colonia
883 1378 1079 1450 premeretur.

70 1457 74 1466 '
167 1463 180 1515 1
256 1455 340 1517 LVII.
387 1457 511 1517 Romam
536 1463 634 1516 tantus
659 1462 757 1515 terror
777 1473 812 1515 ex
838 1455 894 1514 hac
916 1453 999 1514 clade
1019 1453 1152 1535 perlatus
1251 1497 1252 1524 2

195 1549 254 1610 est,
276 1547 309 1600 ut
329 1541 387 1599 iam
403 1539 439 1599 ad
456 1537 560 1600 urbem
572 1539 734 1600 Romanam
750 1538 907 1598 crederent
923 1537 1038 1598 infestis
1059 1539 1153 1616 signis
1251 1599 1252 1602 ,

193 1620 309 1683 hostem
322 1630 493 1692 venturum,
510 1639 564 1682 nec
579 1623 734 1700 quicquam
748 1619 811 1701 spei
821 1629 871 1682 aut
881 1621 979 1682 auxilii
995 1639 1075 1693 esse,
1092 1640 1152 1700 quo
1177 1647 1181 1656 ·
1251 1635 1252 1680 1

166 1712 212 1764 ea
227 1707 320 1783 portis
337 1704 549 1784 moenibusque
563 1706 620 1765 vim
636 1714 786 1766 arcerent:
806 1723 867 1765 uno
883 1704 1003 1766 consule
1021 1705 1057 1765 ad
1072 1705 1152 1766 Tici·
1251 1702 1252 1788 J

195 1806 265 1847 num
281 1789 371 1856 ricto,
388 1787 512 1847 alterum
528 1805 564 1848 ex
578 1787 675 1848 Sicilia
690 1795 873 1857 revocatum:
896 1787 1009 1849 duobus
1024 1787 1152 1850 consuli·
1251 1827 1252 1830 =

194 1870 264 1941 bus,
281 1869 396 1931 duobus
407 1870 610 1932 consularibus
621 1870 798 1933 exercitibus
812 1873 908 1956 victis,
917 1891 998 1956 ¹quos
1014 1871 1086 1933 alins
1098 1871 1151 1933 du·

167 1960 259 2025 aces,
281 1973 353 2034 quas
368 1952 438 2014 alias
458 1955 589 2032 legiones
605 1973 683 2025 esse,
703 1973 778 2034 quae
793 1956 995 2017 arcessantnri
1025 1955 1068 2016 lta
1089 1963 1151 2016 ter-

193 2039 258 2098 ritis
280 2038 472 2117 Sempronius
496 2038 598 2100 consul
624 2038 749 2100 advenit.
801 2040 914 2116 ingenti
939 2037 1071 2118 periculo
1097 2058 1151 2119 per

194 2122 303 2182 ellusos
322 2121 430 2201 passim
452 2122 488 2183 ad
513 2122 715 2200 praedandum
743 2122 871 2185 hostium
893 2124 1005 2202 equites
1030 2123 1151 2183 audacia

194 2205 287 2282 magis
304 2223 390 2284 quam
406 2204 528 2266 consilio
540 2212 590 2266 aut
602 2225 655 2284 spe
673 2205 793 2267 labendi
813 2205 1021 2277 resistendive,
1043 2208 1068 2266 si
1091 2223 1149 2267 non

167 2287 322 2359 llalleret,
339 2296 554 2367 transgressus,
568 2289 613 2360 id,
629 2289 707 2369 quod
718 2308 809 2351 unum
823 2291 950 2350 maxime
964 2292 995 2350 in
1011 2307 1149 2368 praesen·

194 2373 234 2432 tia
264 2372 501 2444 desiderabatur,
534 2375 660 2438 comitiis
686 2373 890 2434 consularibus
912 2373 1019 2434 habitis
1048 2375 1081 2434 in
1105 2373 1149 2434 hi-

194 2453 287 2516 berna
302 2455 398 2516 rediit.
429 2459 521 2517 creati
533 2457 667 2518 consules
678 2457 730 2518 Cn.
743 2455 883 2518 Servilius
895 2464 924 2518 et
935 2457 966 2519 C.
978 2457 1148 2520 Flaminius.

166 2545 183 2594 5
257 2540 393 2601 Ceterum
415 2558 453 2601 ne
478 2540 601 2601 hiberna
621 2541 741 2618 quidem
763 2541 903 2602 Romanis
930 2543 1028 2620 quieta
1056 2551 1147 2609 erant,

195 2623 367 2700 vagantibus
389 2624 498 2702 passim
519 2623 652 2685 Numidis
673 2624 820 2702 equitibus
841 2632 883 2695 et,
909 2634 942 2686 ut
962 2643 1095 2705 quaeque
1115 2625 1149 2683 iis

194 2707 379 2785 impeditiora
401 2715 499 2778 erant,
520 2707 673 2769 Celtiberis
690 2708 902 2787 Lusitanisque.
941 2727 1046 2769 omnes
1062 2708 1149 2786 igitur

194 2789 325 2866 undique
350 2789 442 2850 cleusi
464 2801 642 2853 commeatus
663 2799 761 2860 erant,
794 2792 851 2852 nisi
869 2809 943 2872 quos
961 2791 1041 2853 Pado
1063 2809 1148 2853 naves

165 2870 400 2932 dsubveherent.
437 2875 601 2950 emporium
624 2893 715 2954 prope
736 2875 914 2937 Placentiam
938 2875 992 2936 suit
1013 2882 1043 2936 et
1061 2893 1149 2954 opere

195 2971 301 3032 magno
316 2957 460 3016 munitum
473 2961 502 3015 et
514 2955 607 3016 valide
622 2957 769 3017 firmatum
785 2959 940 3036 praesidio.
969 2961 1031 3022 eius
1040 2957 1149 3018 castelli

196 3038 382 3119 expugnandi
401 3056 453 3118 spe
469 3057 536 3098 curn
552 3039 697 3120 equitibus
718 3058 752 3100 ac
771 3038 826 3103 levi
840 3051 988 3104 armatura
1001 3042 1149 3122 proiectus

194 3121 355 3193 Hannibal,
379 3141 446 3183 cum
467 3122 626 3201 plurimum
643 3125 674 3184 in
691 3123 812 3186 celando
832 3127 949 3207 incepto
965 3127 1000 3186 ad
1016 3126 1149 3186 ellectum

168 3208 258 3285 uspci
278 3205 443 3277 habuisset,
465 3215 551 3268 nocte
571 3208 690 3268 adortus
713 3225 773 3268 non
791 3209 894 3270 ieiellit
915 3209 1025 3288 vigiles.
1053 3215 1148 3270 tantus

195 3298 317 3366 repente
332 3289 442 3350 clamor
460 3297 504 3350 est
520 3290 664 3361 sublatus,
679 3297 712 3351 ut
723 3290 888 3354 Placentiae
904 3311 1022 3373 quoque
1035 3292 1148 3354 audire-

195 3377 253 3428 tur.
283 3373 381 3450 itaque
402 3372 456 3432 sub
478 3372 574 3432 lucem
593 3392 660 3434 curn
676 3375 806 3452 equitatu
821 3375 924 3439 consol
946 3377 1047 3436 aderat
1066 3376 1148 3436 iussis

166 3452 337 3529 Sqnadrato
352 3456 467 3530 agmine
479 3454 643 3532 legionibus
658 3459 750 3535 sequi.
781 3467 916 3537 equestre
931 3460 1049 3520 interim
1063 3476 1148 3538 proe-

428 3661 488 3752 ἴ
