2532 3938
185 204 205 267 6
384 217 478 258 umus
492 217 548 260 vu.
566 215 634 258 cue.
652 204 677 255 5.
692 203 719 256 6.
737 193 776 278 [a.
793 219 824 258 u.
840 217 866 257 c.
881 193 965 278 3921*

185 365 279 427 solum
294 367 447 433 inermem,
463 363 544 425 illum
559 361 760 443 praevalidum
771 365 906 426 iuvenem
921 371 959 435 et,
971 363 1050 442 quod
1065 361 1144 426 haud

185 451 282 510 minus
297 447 458 510 timendum
474 454 550 518 erat,
569 446 673 508 stolide
689 446 820 508 ferocem
835 447 946 508 viribus
961 449 1021 510 suis
1038 465 1143 508 cerne·

185 540 244 604 ret,
268 533 382 594 adiurat
400 534 433 593 in
447 550 522 611 quae
535 531 657 592 ‘adactus
674 538 722 591 est
737 530 840 603 verba,
857 538 887 592 et
902 549 973 610 prae
989 550 1021 592 se
1037 531 1144 592 deinde

153 623 168 672 't
184 617 258 687 tulit,
275 635 308 678 ea
323 619 351 676 ri
367 615 521 677 subactum
536 633 568 677 se
585 617 703 694 incepto
718 613 873 676 destitisse.
902 633 957 676 nec
971 615 1094 695 perinde
1112 621 1145 676 ut

184 699 332 762 maluisset
352 699 455 779 plebes
477 698 533 760 sibi
552 699 684 776 sullragii
703 698 818 760 ferendi
839 699 875 760 de
899 705 959 760 tam
979 697 1095 759 crudeli
1115 705 1145 759 et

184 784 313 864 superbo
325 802 378 845 reo
391 788 565 864 potestatem
581 783 659 852 lieri,
675 784 715 842 ita
730 800 819 862 aegre
831 782 933 844 habuit
943 782 1035 844 tilium
1046 783 1076 843 id
1088 800 1144 862 pro

183 875 306 947 parente
328 885 447 935 ausum:
470 885 564 944 eoque
584 865 615 925 id
630 865 805 928 laudabilius
821 874 899 939 erat,
921 867 999 946 quod
1013 867 1143 927 animum

152 953 245 1013 Seius
260 958 340 1013 tanta
357 950 503 1012 acerbitas
522 951 617 1029 patria
634 948 706 1010 nihil
723 969 738 1010 a
759 952 867 1030 pietate
888 951 1048 1012 avertisset.
1088 952 1143 1010 ita·

184 1054 240 1115 que
257 1054 316 1096 uon
333 1036 409 1112 patri
424 1033 511 1096 modo
526 1035 647 1094 remissa
667 1051 772 1094 causae
787 1034 875 1094 dictio
891 1041 943 1105 est,
959 1035 1011 1095 sed
1028 1035 1086 1114 ipsi
1100 1040 1143 1094 et-

151 1121 240 1179 9iam
256 1118 436 1179 adulescenti
459 1135 558 1179 cares
575 1116 681 1178 honori
694 1116 763 1188 tuit,
790 1125 819 1179 et
840 1137 906 1179 cum
931 1137 967 1180 eo
990 1137 1067 1178 anno
1082 1119 1143 1196 pri-

182 1222 263 1264 mum
273 1202 429 1282 placuisset
444 1201 577 1262 uibuuos
588 1201 713 1262 militum
728 1203 764 1263 ad
781 1202 912 1281 legiones
928 1203 1066 1281 sullragio
1077 1201 1144 1262 fleri

181 1321 223 1331 -
239 1305 306 1346 nam
323 1293 352 1347 et
366 1292 467 1356 autea,
489 1286 565 1347 sicut
577 1303 670 1356 nuno,
688 1305 762 1366 quos
776 1286 898 1348 Rufulos
914 1294 1034 1356 vocant,
1048 1288 1143 1364 impe·

182 1378 295 1432 ratores
306 1370 364 1450 ipsi
378 1368 524 1430 iaciebant
534 1401 585 1441 -—,
596 1371 759 1430 secundum
774 1371 805 1430 in
817 1389 868 1431 sex
882 1370 955 1431 locis
969 1371 1064 1430 tenuit
1077 1368 1143 1430 nul-

181 1454 217 1515 lis
234 1455 314 1516 dorni
329 1453 507 1534 militiaeque
522 1454 559 1514 ad
581 1453 795 1514 conciliandam
816 1457 939 1533 gratiam
961 1455 1089 1523 meritis,
1111 1460 1144 1514 ut

181 1541 232 1618 qui
245 1557 316 1599 une
332 1545 361 1598 et
378 1536 481 1617 procul
495 1546 582 1598 coetu
598 1537 751 1598 hominum
766 1540 912 1598 iuventam
929 1539 1046 1616 egisset.

151 1633 165 1684 1
243 1622 290 1683 Vl.
307 1621 418 1682 Eodem
435 1639 512 1682 anno
525 1640 577 1682 seu
587 1630 669 1682 motu
683 1629 781 1682 terrae
795 1641 847 1683 seu
861 1641 919 1702 qua
930 1623 959 1682 vi
974 1621 1027 1682 alia
1045 1622 1143 1682 lorum

181 1706 311 1766 medium
328 1706 421 1766 ferme
437 1723 527 1784 specu
542 1712 623 1766 vasto
643 1704 814 1785 conlapsum
834 1708 866 1767 in
888 1708 1061 1767 immensam
1077 1705 1142 1766 alti·

150 1788 313 1852 etudinem
336 1788 458 1858 dicitnr,
480 1805 575 1869 neque
598 1800 663 1849 eam
685 1793 854 1868 voraginem
875 1792 1010 1850 coniectu
1032 1796 1141 1859 terrae,

182 1892 249 1934 cum
266 1892 321 1951 pro
337 1891 370 1933 se
388 1874 510 1952 quisque
527 1879 657 1951 gereret,
672 1873 793 1953 expleri
814 1876 942 1955 potuisse
958 1876 1040 1952 prius
1055 1891 1141 1952 quarn

182 1957 269 2018 deum
286 1958 398 2018 monitu
416 1959 518 2036 quaeri
533 1965 678 2035 coeptum,
696 1977 754 2037 quo
770 1958 928 2038 plurimum
944 1956 1069 2038 populns
1083 1957 1141 2019 lio-

150 2053 285 2105 tmauns
300 2049 413 2120 posset:
435 2041 465 2101 id
487 2043 565 2101 enim
581 2041 624 2101 illi
638 2040 703 2102 loco
718 2042 875 2102 dicandum
889 2049 969 2104 rates
988 2041 1140 2111 cauebant,

181 2127 207 2186 si
224 2143 288 2185 rem
304 2125 452 2204 publicam
467 2125 630 2185 Romanam
646 2134 819 2204 perpetuam
842 2144 907 2186 esse
921 2125 1037 2186 vellent.
1080 2135 1140 2186 tum

181 2209 373 2278 llfflurtium,
389 2210 525 2269 iuvenem
536 2207 614 2269 bello
630 2210 790 2288 egregium,
807 2211 964 2288 castigasse
978 2210 1077 2270 lerunt
1088 2209 1141 2270 du·

181 2292 321 2364 bitantes,
345 2311 383 2354 an
405 2291 496 2353 ullum
517 2293 610 2371 magis
632 2293 796 2355 Romanum
818 2293 926 2354 bonum
950 2311 1037 2374 quam
1060 2311 1142 2353 arma

149 2391 167 2440 4
181 2378 330 2456 uirtusque
345 2377 440 2438 essetl
456 2376 573 2437 silentio
585 2375 662 2437 lacto
672 2378 784 2457 templa
798 2378 921 2438 deorum
930 2375 1140 2446 inmortalium,

181 2478 255 2540 quae
279 2462 344 2523 loro
367 2461 527 2531 inmineat,
549 2459 782 2539 Capitoliumque
803 2463 967 2522 intuentem
989 2469 1018 2521 et
1037 2478 1142 2520 manus

181 2546 301 2605 nuncin
313 2545 425 2606 caelum
439 2561 518 2605 nunc
534 2545 565 2603 in
579 2551 713 2622 patentes
727 2551 823 2606 terrae
838 2545 934 2605 hiatus
946 2545 982 2604 ad
999 2544 1070 2604 deos
1079 2561 1142 2604 ma·

149 2642 234 2693 oues
248 2631 449 2708 porrigentem
471 2645 502 2688 se
520 2627 683 2698 devovisse;
707 2647 840 2708 equoque
864 2628 969 2689 deinde
985 2623 1072 2707 quam
1088 2645 1141 2707 po·

181 2719 255 2772 terat
270 2714 397 2774 maxime
416 2721 557 2773 exornato
572 2713 749 2773 insidentem
765 2720 910 2774 armatum
925 2731 958 2773 se
970 2713 1002 2772 in
1020 2729 1141 2790 specum

179 2795 339 2866 inmisisse,
360 2796 496 2874 donaque
516 2814 551 2856 ac
566 2796 666 2874 iruges
680 2815 769 2876 super
784 2814 851 2857 eum
866 2815 883 2856 a
898 2795 1085 2857 multitudine·
1099 2794 1140 2854 vi·

180 2896 281 2940 rorum
296 2897 330 2939 ac
350 2878 506 2939 mulierum
527 2887 681 2956 congestas
699 2880 853 2960 lacumque
871 2881 1003 2943 Curtium
1022 2897 1081 2939 non
1104 2877 1141 2938 ab

180 2963 299 3042 antiquo
313 2962 364 3024 illo
379 2963 438 3022 Titi
451 2962 517 3023 'lati
532 2962 622 3023 milite
639 2965 738 3026 Curtio
753 2964 867 3034 Mettio,
890 2957 942 3025 sed
964 2963 1001 3025 ab
1018 2962 1074 3024 boc
1089 2980 1141 3040 ap-

147 3049 165 3104 d
179 3045 329 3128 pellatum.
352 3065 422 3107 cura
441 3064 500 3107 non
516 3046 639 3117 deesset,
651 3049 677 3109 si
691 3066 748 3128 qua
762 3048 799 3109 ad
811 3066 913 3109 rerum
928 3049 974 3109 via
988 3047 1141 3126 inquiren·

180 3137 239 3193 tem
261 3131 369 3200 ferret,
398 3147 477 3191 nuuc
498 3129 576 3191 lama
597 3150 699 3194 rerum
718 3133 854 3194 standum
878 3139 938 3202 est,
960 3131 1011 3191 ubi
1029 3137 1141 3190 certam

180 3215 302 3294 derogat
322 3221 449 3276 vetustas
460 3213 563 3285 fldem,
587 3222 616 3277 et
630 3215 711 3278 lacus
728 3217 837 3278 nomen
851 3214 888 3276 ab
904 3215 960 3276 hac
974 3214 1142 3276 recentiore

179 3299 345 3376 insignitius
362 3297 460 3360 sabula
478 3305 530 3359 est.

146 3387 163 3436 τ
238 3381 308 3443 Post
322 3383 395 3442 tanti
410 3381 537 3461 prodigii
551 3386 789 3462 procurationem
805 3384 910 3446 eodem
925 3399 1003 3443 anno
1017 3381 1054 3442 de
1066 3381 1141 3442 ller-

181 3463 253 3524 nlois
268 3463 418 3525 consultus
431 3471 558 3536 senatus,
572 3485 639 3527 curu
651 3465 765 3528 ietlales
780 3467 817 3528 ad
832 3483 881 3527 res
897 3463 1073 3544 repetendas
1088 3481 1141 3525 ne·
