2546 3936
367 229 461 273 emsa
475 232 517 274 u.
535 231 604 275 oar.
618 218 643 272 o.
659 221 686 275 7.
697 209 737 294 [a.
753 214 787 277 Ο.
803 213 865 296 321]
1047 222 1088 286 99

129 377 171 439 dii
182 376 270 438 etiam
281 373 431 454 plerisque
441 377 577 439 intentati
592 385 622 438 et
634 375 778 440 vulnerati
791 379 908 458 qaudam
921 383 1085 462 pacatique,

127 463 154 522 si
176 460 272 522 vultus
290 479 393 520 eorum
409 460 582 538 indignitate
596 479 697 522 rerum
716 463 813 522 aerior
837 464 977 524 rictorem
994 467 1087 527 olien-

127 545 228 605 disset.
254 545 294 604 ita
309 543 436 604 traducti
446 543 500 604 sub
512 545 612 620 iugum
625 552 668 614 et,
685 544 764 624 quod
779 563 872 623 paene
884 548 999 623 gravius
1011 558 1083 621 erat,
1096 559 1113 611 3

126 646 182 707 per
202 628 331 688 hostiurn
353 626 454 687 oculos
469 637 536 688 cum
552 646 568 688 e
592 627 667 688 saltu
683 628 854 698 evasissent,
880 631 935 689 etsi
954 631 1034 692 velut
1049 633 1086 692 ab

125 712 230 773 inieris
246 710 369 771 extracti
385 717 447 771 tum
462 711 590 788 primum
606 711 703 772 lucem
721 713 853 790 aspicere
868 712 921 771 risi
936 722 1017 784 sunt,
1042 723 1086 776 ta-

126 813 197 856 men
216 794 278 873 ipsa
300 793 349 854 lux
372 794 412 854 ita
428 792 560 854 deforme
581 792 762 854 intuentibus
777 811 882 871 agmen
896 797 977 856 omni
991 805 1086 858 morte

126 878 240 938 tristior
255 877 318 937 luit.
348 877 447 954 itaque
468 895 535 937 cum
556 885 623 936 ante
648 886 765 938 noctem
783 879 1113 957 Capuampervenlre4

125 967 261 1040 possent,
283 960 389 1020 incerti
405 959 441 1019 de
461 959 519 1019 fide
539 962 687 1021 sociorum
704 969 734 1022 et
747 961 825 1040 quod
844 961 943 1039 pudor
961 981 1085 1042 praepe-

126 1043 239 1111 diebat,
258 1044 336 1103 circa
350 1044 426 1103 viam
440 1042 519 1103 baud
533 1043 638 1122 procul
653 1045 749 1123 Capua
767 1045 899 1104 omnium
916 1062 1007 1122 egena
1020 1064 1085 1106 cor·

125 1145 200 1208 pora
212 1127 294 1187 humi
304 1135 536 1204 prostraverunt.
557 1127 700 1206 quodubi
715 1135 759 1188 est
765 1129 893 1206 Capuam
904 1129 1080 1206 nuntiatum,
1092 1136 1109 1188 5

126 1211 234 1272 evincit
244 1212 393 1269 miseratio
404 1210 479 1270 iusta
491 1210 636 1269 sociorum
650 1209 818 1288 superbiam
829 1211 991 1287 ingenitam
1001 1211 1085 1272 Cam-

125 1295 220 1374 panis.
251 1292 404 1352 confestim
419 1293 545 1370 insignia
559 1311 611 1353 sua
625 1291 807 1362 consulibus,
823 1292 931 1364 fasces,
946 1292 1113 1364 lictores36

126 1395 224 1445 arma,
251 1394 356 1455 equos,
380 1377 568 1445 vestimenta,
593 1383 773 1435 commeatus
794 1374 935 1436 militibus
957 1375 1085 1453 benigne

125 1462 261 1528 mittunt,
280 1469 309 1518 et
322 1458 507 1518 venientibus
522 1459 649 1537 Capuam
666 1466 789 1518 cunctus
806 1465 924 1518 senatus
943 1458 1111 1537 populus-7

126 1559 186 1622 que
201 1540 313 1602 obviam
333 1560 467 1620 egressus
487 1543 571 1602 iustis
587 1541 723 1602 omnibus
744 1539 936 1618 hospitalibus
950 1541 1084 1620 privatis-

126 1644 184 1706 que
197 1633 227 1685 et
238 1623 363 1702 publicis
384 1625 516 1703 iungitur
531 1626 644 1686 officiis.
674 1643 770 1704 neque
790 1623 848 1684 illis
867 1625 1015 1684 sociorum
1032 1629 1109 1684 co-8

124 1711 213 1770 mitas
226 1708 379 1786 vultusque
398 1707 520 1786 benigni
536 1716 565 1769 et
586 1707 720 1787 adloquia
736 1726 796 1768 non
810 1706 899 1766 modo
916 1723 1085 1768 sermonem

126 1791 243 1862 elicere,
259 1791 312 1852 sed
324 1808 361 1850 ne
374 1798 406 1851 ut
418 1791 518 1852 oculos
530 1792 648 1870 quidem
662 1790 828 1874 attollerent
839 1797 889 1850 aut
900 1789 1084 1850 consolantes

126 1877 237 1936 amicos
257 1884 357 1934 contre
381 1875 567 1936 intuerentur
588 1875 705 1935 elticere
724 1879 876 1952 poteraut:
899 1871 972 1932 adeo
994 1877 1112 1950 superb

125 1975 290 2018 maerorem
312 1957 408 2036 pudor
423 1958 541 2036 quidam
561 1957 663 2035 ingere
684 1955 838 2036 conloquia
858 1962 887 2015 et
911 1963 1012 2014 coetus
1030 1953 1084 2013 bo·

125 2041 244 2103 minum'
258 2041 391 2118 cogebat.
407 2050 524 2119 postero
540 2041 586 2100 die
604 2059 670 2100 cum
685 2041 804 2099 invenes
819 2036 948 2106 nobiles,
969 2037 1052 2098 missi
1065 2053 1082 2096 a
1094 2041 1127 2094 10

126 2125 238 2203 Capua,
256 2132 288 2184 ut
302 2125 522 2201 proficiscentes
531 2124 566 2184 ad
578 2124 666 2182 finem
679 2123 858 2200 Campanum
869 2137 1084 2200 prosequeren-

125 2215 184 2276 tur,
195 2209 394 2277 revertissent,
403 2208 554 2284 vocatique
564 2207 711 2265 incuriam
724 2200 984 2282 percunctantibus
992 2202 1082 2261 malo·
1095 2207 1127 2259 ll

125 2285 1085 2352 ribusnatumultosibimaestioresetabiectiorisanimivisosre·

125 2367 1128 2451 lerrentzadeosilensacpropemutumagmeuincessisse;iacere12

124 2457 256 2519 indolem
275 2457 355 2516 illam
376 2457 552 2524 llomanam,
573 2454 742 2531 ablatosque
762 2469 829 2511 cum
853 2449 942 2509 armis
963 2449 1084 2518 animos,
1126 2493 1131 2502 .

126 2559 188 2602 non
201 2540 326 2600 reddere
341 2539 464 2600 salutem
480 2536 685 2606 salutantibus,
697 2534 733 2574 ³²*
743 2552 804 2594 nou
815 2533 886 2593 dare
901 2548 1088 2610 responsum„

126 2641 188 2684 non
199 2623 315 2684 hlsoere
327 2641 502 2702 quemquam
512 2640 584 2701 prae
595 2628 675 2700 metu
686 2619 815 2698 potuisse
828 2624 976 2694 tamquam
988 2614 1086 2672 leren-

126 2706 207 2768 tibus
232 2707 327 2768 adbuc
352 2705 514 2766 cervicibus
535 2706 654 2782 iugum,
681 2701 735 2763 sub
758 2699 836 2779 quod
858 2697 957 2758 emissi
978 2703 1085 2766 essent,

125 2788 238 2852 hahere
246 2791 392 2852 Samnites
400 2789 550 2848 victoriam
558 2805 618 2846 non
630 2784 810 2864 praeclaram
820 2779 923 2850 solum,
936 2779 1084 2839 sedetiam
1097 2784 1129 2836 13

127 2880 315 2952 perpetuam:
334 2873 446 2950 cepisse
462 2871 541 2930 enim
556 2889 608 2930 eos
623 2886 683 2929 non
694 2868 831 2936 llomam,
847 2866 922 2926 sicut
939 2871 1006 2924 ante
1020 2860 1086 2922 Gal-

126 2956 188 3025 los,
203 2956 269 3026 sed,
283 2955 361 3034 qnod
374 2953 466 3014 multo
477 2952 644 3014 bellicosius
657 2952 761 3020 luerit,
776 2951 936 3010 llomanam
949 2947 1086 3004 virtutem

127 3039 343 3115 ferociamque:
355 3071 399 3087 -
425 3037 486 3098 Vll.
511 3055 577 3098 cum
589 3037 663 3098 haec
676 3035 846 3095 dicerentur
857 3029 1115 3103 audirenturquel

129 3127 159 3182 et
171 3119 355 3197 deploratum
366 3139 459 3200 paene
467 3122 631 3181 llomanum
643 3133 751 3178 nomen
763 3116 793 3173 in
806 3112 927 3174 consilio
938 3111 1087 3169 sociorum

25 3193 34 3214 ⁸
127 3203 259 3266 fidelium
283 3211 375 3272 esset,
397 3204 504 3264 dicitur
524 3203 636 3264 Ofillius
657 3199 788 3261 Calavius
807 3196 861 3255 Ovi
880 3193 970 3261 lilius,
992 3190 1115 3250 clarus2

128 3306 239 3368 genere
257 3287 414 3366 lactisque,
430 3294 492 3348 tum
508 3288 596 3347 etiam
611 3291 705 3345 aetate
719 3278 879 3348 verendus,
897 3276 986 3351 longe
1001 3273 1087 3332 aliter

128 3389 160 3433 se
176 3371 288 3433 babere
299 3372 504 3439 remdixisse:
522 3367 669 3430 silentium
681 3363 752 3425 illud
764 3360 942 3422 obstinatum
957 3358 1117 3434 fixosquea

127 3457 159 3518 iu
173 3463 285 3519 terram
296 3453 398 3516 oculos
413 3461 442 3515 et
458 3453 562 3514 surdas
581 3451 617 3514 ad
637 3449 736 3512 omnia
756 3444 969 3594 ⁵⁰¹³⁰lss2³ur⁰⁸
983 3447 1013 3500 et
1030 3455 1087 3542 pu·
