2532 3938
198 213 238 276 18
343 228 438 270 ureae
452 229 509 272 vu.
529 227 597 270 oar.
617 216 658 267 tt.
673 215 713 266 18.
730 206 770 289 [a.
785 231 816 270 u.
831 229 858 270 c.
875 205 1015 292 398-400]

197 384 228 438 et
248 375 363 437 attoniti
381 376 570 436 munimentis
595 375 656 436 suis
681 376 797 455 trepido
826 377 943 454 agmine
968 376 1153 448 incideruut;
1210 375 1214 382 ’

164 469 183 520 4
198 459 319 529 deinde,
336 458 388 519 ubi
400 459 501 518 consul
512 458 658 538 legatique
669 477 704 518 ac
714 460 826 519 tribuni
836 477 998 536 puerorum
1008 462 1068 521 ritu
1081 480 1154 525 vana

197 541 339 606 miracula
359 544 491 620 paventis
510 541 679 602 inridebant
692 542 958 621 increpabantque,
980 545 1068 603 vertit
1091 548 1153 606 ani-

180 635 263 690 'mos
282 635 405 706 repente
424 625 533 705 pudor,
555 634 586 686 et
604 627 636 685 in
654 643 688 685 ea
708 627 786 705 ipsa,
808 643 883 704 quae
903 627 1054 704 ingerant,
1074 628 1154 690 velut

166 719 182 770 t
198 712 278 772 caeci
288 710 424 771 ruebant
453 709 584 770 discusso
596 711 695 788 itaque
706 728 780 770 vano
792 709 934 788 adparatu
944 709 1071 771 hostium
1085 731 1152 775 cum

196 796 228 856 in
245 796 326 874 ipsos
347 801 474 854 armatos
492 811 525 853 se
542 791 723 864 intulissent,
745 801 914 854 averterunt
938 801 1028 856 totam
1042 798 1151 866 aciem;

197 879 359 956 castrisque
374 879 461 937 etiarn
477 894 511 936 co
529 876 576 936 die
591 877 676 955 potiti
701 875 812 955 praeda
827 878 941 954 ingenti
961 887 1045 957 parta
1061 882 1151 940 victo·

197 980 247 1024 ree
261 968 460 1029 reverterunt,
479 959 653 1020 militaribus
666 960 740 1020 iocis
750 978 817 1020 cum
836 971 1007 1039 apparatum
1022 962 1150 1024 bostium

165 1054 260 1107 otum
275 1063 361 1104 suurn
376 1045 563 1122 increpantes
577 1061 726 1122 pavorem.
762 1045 926 1104 concitatur
941 1045 1048 1106 deinde
1064 1065 1152 1107 omne

197 1145 306 1190 nomen
322 1128 493 1196 Etruscum,
511 1135 541 1187 et
556 1127 818 1206 Tarquiniensibus
834 1128 1013 1207 Faliscisque
1029 1129 1152 1191 ducibus

197 1212 235 1274 ad
255 1209 362 1272 salinas
384 1212 565 1289 perveniunt.
604 1210 743 1272 adversus
764 1229 831 1271 eum
857 1221 1004 1274 terrorem
1028 1214 1152 1274 dictator

198 1296 229 1358 G.
243 1295 371 1358 Marcius
380 1293 495 1355 Rutilus
505 1296 618 1374 primus
629 1293 666 1354 de
676 1293 764 1373 plebe
778 1295 873 1356 dictus
884 1297 1058 1374 magistrum
1071 1299 1152 1375 equi·

165 1389 181 1437 ⁷
197 1379 343 1440 tomitem
360 1378 395 1439 de
409 1377 496 1457 plebe
512 1379 542 1440 C.
558 1378 703 1439 Plautium
718 1379 799 1440 dixit.
829 1379 859 1439 id
874 1397 944 1440 vero
958 1381 1091 1458 patribus
1105 1382 1150 1439 in·

198 1463 319 1540 dignum
338 1462 444 1534 videri,
466 1464 553 1522 etiam
578 1462 751 1523 dictaturam
772 1464 881 1524 iamin
902 1465 1051 1542 promisco
1071 1481 1151 1532 esse;

198 1547 337 1626 omnique
348 1565 405 1624 ope
418 1546 622 1624 inpediebant,
644 1565 682 1606 ue
705 1546 775 1626 quid
790 1547 927 1608 dictatori
945 1547 981 1608 ad
995 1547 1026 1606 id
1042 1546 1151 1608 bellum

197 1631 408 1691 decerneretur
430 1638 628 1707 parareturrc.
666 1648 701 1690 eo
725 1634 891 1709 promptius
914 1630 1152 1710 concelerante

165 1722 183 1773 8
198 1714 340 1774 dictatore
354 1713 479 1792 populus
497 1715 590 1774 iussit.
621 1713 770 1792 proiectus
785 1713 820 1774 ab
837 1713 911 1776 urbe
926 1721 1050 1792 utraque
1067 1723 1152 1792 parte

197 1796 314 1857 'liberis
329 1796 441 1857 ratibus
456 1799 599 1868 exercitu,
618 1816 803 1878 quocumque
825 1797 902 1860 lama
918 1795 1045 1857 hostiurn
1062 1796 1151 1857 duce·

198 1880 260 1950 bat,
277 1881 400 1941 traiecto
416 1879 525 1942 multos
540 1880 729 1961 populatores
741 1900 888 1961 agrorum
907 1898 996 1959 vagos
1018 1881 1153 1959 palantes

166 1965 354 2044 suppressit.
387 1973 482 2025 castra
503 1985 620 2046 quoque
634 1968 810 2044 necopinato
830 1966 988 2044 adgressus
1008 1966 1100 2044 cepit,
1124 1973 1154 2026 et

198 2053 265 2110 octo
282 2047 400 2109 milibus
413 2049 540 2110 hostiurn
556 2051 663 2129 captis,
682 2051 788 2111 ceteris
802 2059 852 2113 aut
866 2051 958 2112 caesis
968 2055 1018 2108 aut
1030 2067 1066 2110 ex
1081 2066 1152 2126 agro

196 2131 329 2194 Romano
343 2132 449 2211 iugatis
462 2133 526 2193 sine
537 2135 708 2195 auctoritate
716 2143 832 2212 patrum
843 2131 945 2215 populi
955 2133 1036 2193 iussu
1049 2133 1153 2193 trium·

196 2216 304 2297 pharit.
1121 2281 1123 2285 ,

157 2309 189 2360 to
261 2300 334 2373 Quia
351 2320 407 2362 nec
426 2321 481 2382 per
494 2303 667 2365 dictatorem
681 2304 830 2385 plebeium
850 2321 906 2364 nec
926 2319 981 2382 per
1001 2302 1153 2364 consulem

198 2387 316 2447 comitia
331 2386 495 2448 consularia
511 2386 615 2448 haberi
628 2387 779 2458 volebant,
795 2395 825 2448 et
837 2385 911 2448 alter
929 2384 1032 2446 consul
1046 2384 1153 2446 Fabius

158 2477 187 2527 lt
199 2468 277 2529 bollo
297 2469 496 2542 retinebatur,
518 2489 567 2531 res
589 2471 625 2531 ad
644 2473 849 2548 interregnum
870 2468 956 2531 redit.
988 2471 1154 2546 interreges

198 2553 339 2632 deinceps
355 2555 389 2625 Q.
409 2553 549 2615 Servilius
563 2552 669 2624 Abala,
690 2555 730 2615 Μ.
745 2553 867 2622 Fabius,
893 2553 945 2614 Cn.
960 2551 1099 2622 Manlius,
1120 2552 1152 2613 C.

198 2637 319 2708 Fabius,
336 2638 366 2699 C.
380 2637 542 2716 Sulpicius,
553 2638 587 2697 L.
601 2637 755 2708 Aemillus‚
774 2638 808 2708 Q.
825 2636 980 2706 Servilius,
994 2637 1033 2697 Μ.
1045 2634 1154 2696 Fabius

158 2719 367 2782 ltdmbustus.
393 2721 426 2782 in
437 2720 567 2782 secundo
577 2722 750 2799 interregno
760 2729 825 2781 orta
839 2720 989 2782 contentio
1000 2728 1058 2789 est,
1075 2717 1154 2797 quod

200 2801 258 2862 duo
272 2805 388 2881 patricii
404 2803 539 2864 consules
559 2804 750 2875 creabantur,
770 2802 1080 2882 intercedentibusque
1100 2803 1154 2862 tri·
1258 2829 1259 2874 3

199 2884 287 2945 bunis
306 2886 438 2947 interrex
457 2886 563 2948 Fabius
588 2887 684 2950 aiebat
712 2889 744 2948 in
756 2887 910 2948 duodecim
931 2885 1037 2948 tabulis
1056 2885 1153 2964 legem
1258 2895 1259 2906 ³

201 2987 279 3040 esse,
305 2978 352 3040 ut,
376 2969 580 3049 quodcumque
605 2979 786 3050 postremum
807 2970 932 3050 populus
957 2971 1102 3039 iussisset,
1122 2969 1154 3030 id

159 3060 191 3114 13
201 3055 248 3115 ius
263 3061 417 3133 ratumque
432 3063 523 3123 esset:
537 3056 649 3115 iussum
663 3052 765 3134 populi
777 3061 808 3114 et
827 3055 964 3132 sullragia
978 3071 1052 3114 esse.
1085 3071 1154 3113 cum

199 3138 410 3199 intercedendo
425 3138 537 3199 tribuni
552 3136 626 3197 nibil
640 3137 732 3208 aliud,
747 3156 835 3218 quam
849 3147 882 3198 ut
895 3137 1048 3198 differrent
1062 3137 1155 3196 comi·

200 3224 254 3292 tia,
269 3223 441 3294 valuissent,
458 3223 515 3283 duo
531 3223 648 3302 patricii
667 3221 802 3283 consules
823 3224 914 3283 creati
933 3230 1014 3291 sunt,
1039 3220 1070 3282 G.
1088 3217 1154 3279 Sul-

199 3307 293 3384 picius
312 3308 428 3368 Peticus
450 3308 570 3368 tertium
591 3306 630 3368 ll.
650 3305 781 3368 Valerius
804 3304 970 3376 Publicola,
991 3303 1155 3381 eodemque

202 3387 249 3448 die
263 3392 464 3466 magistratum
480 3392 618 3451 inierunt.

170 3476 187 3532 1
262 3470 360 3533 xvltt.
396 3473 689 3554 Quadringentesimo
714 3491 791 3536 anno
819 3491 906 3554 quam
927 3471 1000 3533 urbs
1022 3471 1156 3534 Romana
