2546 3936
195 204 255 267 108
346 217 438 258 amaa
449 217 492 258 rx.
508 215 576 258 aar».
595 202 637 256 14.
655 201 696 254 rs.
714 189 755 275 [a.
770 215 802 255 u.
817 214 844 256 a.
860 199 922 252 434.
937 188 999 273 aas]

166 371 318 445 uaequum
334 371 476 424 censeret.
511 364 657 424 Samnites
677 368 811 440 exparte
839 357 930 420 altera
949 372 1016 419 crnn
1035 375 1162 421 omnem

194 466 296 509 curam
311 445 380 506 belli
401 449 597 516 remisissent,
624 448 691 524 quia
706 451 756 504 aut
776 461 880 522 pacem
895 461 965 503 vere
986 442 1161 522 cupiebant,

195 540 245 592 aut
259 529 433 611 eipediebat
453 529 606 599 simulare,
629 537 661 590 ut
675 529 851 588 Tarentinos
872 526 928 586 sibi
950 525 1162 599 conciliarent,

195 633 261 676 cum
273 617 431 675 instructos
442 622 565 692 repente
576 613 612 672 ad
623 629 753 691 pugnarn
764 612 912 672 Romanos
924 613 1161 689 conspexissent,

166 699 349 758 tvociferari
366 715 397 756 se
415 700 446 757 in
468 698 640 758 auctoritate
658 695 885 755 Tarentinorum
900 712 1021 754 manere
1036 713 1092 754 nee
1106 694 1162 756 de·

196 782 339 842 scandere
354 782 385 840 in
400 782 493 840 aciem
511 797 567 840 nec
583 787 665 840 extra
680 777 786 838 vallum
804 795 886 838 arma
902 777 997 847 ferre:
1015 777 1163 857 deceptos

195 869 306 944 potius,
326 864 530 942 quodcumque
546 881 630 924 casus
640 863 732 934 ferat,
754 879 908 941 passuros,
924 879 1012 942 quam
1027 870 1061 923 ut
1072 880 1161 942 spre-

166 952 269 1009 811111
289 949 369 1027 pacis
396 956 530 1008 auctores
552 947 729 1007 Tarentinos
756 946 917 1006 uideantur.
960 945 1096 1024 accipere
1128 963 1162 1006 se

197 1051 284 1092 omen
300 1029 436 1091 consules
452 1033 533 1091 aiunt
547 1038 576 1091 et
593 1049 656 1091 eam
673 1031 790 1109 precari
811 1037 941 1089 mentem
958 1029 1106 1100 hostibus,
1126 1039 1163 1090 ut

167 1123 233 1174 unc
249 1113 354 1173 vallum
371 1115 489 1192 quidem
507 1114 674 1175 defendant.
703 1114 760 1192 ipsi
785 1114 864 1173 inter
880 1131 912 1174 11
931 1114 1048 1191 partitis
1064 1115 1162 1191 copiis

197 1197 360 1258 succedunt
372 1198 499 1258 hostium
516 1199 720 1268 munimentis,
744 1203 774 1258 et
790 1195 877 1258 simul
898 1197 1029 1276 undique
1051 1196 1159 1268 adorti,

196 1300 263 1342 cum
279 1299 348 1360 pars
369 1282 463 1342 fossas
491 1282 655 1360 explerent,
682 1299 750 1360 pars
773 1280 917 1341 vellerent
938 1279 1046 1342 vallum
1070 1288 1161 1359 atque

194 1366 226 1424 in
253 1365 345 1426 fossas
376 1374 569 1446 proruerent,
600 1384 656 1426 nec
682 1368 774 1426 virtus
799 1364 888 1425 modo
916 1365 1002 1423 insita
1030 1363 1083 1423 scd
1112 1366 1160 1424 ira

156 1450 284 1509 10111111
310 1449 493 1510 exulceratos
518 1450 678 1527 ignominia
705 1447 870 1509 stimularet
896 1449 1023 1518 animos,
1061 1455 1159 1508 castra

194 1534 346 1602 invasere,
365 1541 394 1593 et
409 1551 463 1611 pro
486 1551 518 1594 se
533 1534 671 1612 quisque,
693 1549 752 1592 non
770 1533 842 1591 haec
858 1529 987 1592 furculas
1009 1548 1064 1591 nec
1083 1531 1159 1592 Cau·

196 1616 276 1676 dium
292 1633 348 1675 nec
370 1616 460 1674 saltus
482 1617 576 1676 invios
598 1633 676 1684 esse,
700 1615 750 1675 ubi
773 1633 905 1676 errorem
926 1616 1006 1676 fraus
1030 1614 1159 1694 superbe

195 1699 327 1769 vicisset,
356 1699 407 1758 sed
430 1699 592 1759 Romanam
615 1700 764 1766 virtutem,
792 1717 879 1778 quam
901 1717 957 1759 nec
974 1697 1081 1759 vallum
1102 1716 1160 1759 noc

155 1787 184 1839 11
198 1781 295 1841 111111
311 1789 460 1852 arcerent,
482 1790 694 1852 memorantes,
717 1783 843 1843 caedunt
859 1784 971 1861 pariter
987 1785 1159 1844 resistentes

197 1864 350 1944 fusosque,
366 1865 496 1925 inermes
510 1873 597 1944 atque
613 1874 753 1935 armatos,
771 1885 870 1927 servos
886 1865 1009 1934 liberos,
1030 1865 1160 1946 puberes

154 1956 186 2007 12
197 1947 338 2027 inpubes,
373 1949 508 2010 homines
538 1951 741 2028 iumentaque;
766 1967 822 2010 nec
847 1949 939 2011 ullum
966 1951 1160 2027 superfuisset

196 2032 319 2104 animal,
342 2034 372 2093 nl
394 2033 528 2093 consules
540 2035 672 2111 receptui
687 2035 804 2111 signum
819 2033 981 2104 dedissent,
1001 2033 1159 2113 avidosque

178 2113 181 2118 ’
197 2115 295 2175 caedis
310 2115 416 2178 milites
434 2136 449 2177 1
468 2119 571 2176 castris
587 2118 716 2178 hostium
731 2118 857 2198 imperio
876 2135 910 2193 ac
924 2118 1012 2178 minis
1030 2117 1157 2196 expulis-

155 2205 273 2259 131111.
301 2201 400 2280 itaque
423 2201 499 2280 apud
523 2201 654 2261 infensos
676 2199 714 2260 ob
735 2199 950 2280 interpellatam
958 2188 1159 2265 altricemnem

153 2289 187 2340 14
196 2284 260 2343 irae
275 2285 428 2345 confestim
441 2284 639 2345 oratiohabita
652 2291 710 2354 est,
725 2291 758 2345 ut
771 2284 929 2346 doceretur
939 2284 1025 2346 miles
1036 2286 1158 2345 minime

196 2370 332 2447 cuiquam
349 2369 473 2429 militum
492 2367 627 2428 consules
650 2369 718 2429 odio
734 2369 765 2428 in
779 2367 872 2428 bostis
890 2369 1013 2429 cessisse
1028 2376 1077 2428 aut
1093 2385 1157 2428 ces·

195 2469 295 2521 suros,
312 2454 381 2531 quin
395 2453 484 2512 ducos
499 2453 573 2512 sicut
587 2451 671 2523 belli,
687 2453 726 2511 ita
743 2449 916 2511 insatiabilis
927 2450 1064 2531 supplicii
1078 2452 1157 2512 futu·

195 2553 245 2596 ros
257 2536 361 2606 fuisse,
377 2537 406 2596 ni
421 2543 573 2612 respectus
586 2536 715 2614 equitum
728 2542 939 2606 sescentorum,
954 2537 1004 2614 qui
1015 2536 1158 2596 Luceriae

154 2624 186 2675 15
198 2619 315 2679 obsides
326 2626 499 2680 tenerentur
531 2620 733 2698 praepedisset
747 2620 875 2689 animos,
893 2637 930 2679 ne
942 2618 1097 2698 desperata
1108 2636 1156 2678 ve·

194 2704 242 2761 nia
259 2704 358 2764 hostes
373 2720 476 2762 caecos
488 2703 519 2762 in
531 2701 673 2780 supplicia
686 2719 788 2763 eorum
804 2711 917 2780 ageret,
934 2703 1061 2782 perdere
1076 2703 1158 2781 prius

155 2789 187 2840 ld
199 2803 286 2862 quam
301 2785 400 2863 perire
411 2793 556 2865 optantes.
571 2784 691 2845 laudare
704 2802 737 2844 ea
750 2784 857 2845 milites
869 2784 1030 2866 laetarique
1042 2785 1156 2846 obviam

193 2868 268 2926 itum
280 2868 341 2925 irae
357 2886 426 2927 suae
439 2887 515 2936 esse,
536 2885 569 2928 ac
581 2867 665 2928 fate'ri
676 2869 774 2927 omnia
786 2869 925 2946 patienda
937 2871 1052 2949 potius,
1068 2887 1156 2949 quam

193 2937 370 3030 proderetur
385 2949 462 3010 salus
479 2957 523 3011 tot
537 2951 703 3029 principum
719 2951 868 3012 Romanae
882 2953 1050 3018 iuventutis.

166 3041 179 3092 1
256 3033 314 3095 XV.
346 3033 470 3095 Dimissa
488 3035 625 3094 contione
642 3033 796 3095 consilium
815 3033 962 3105 habitum,
981 3035 1155 3097 omnibusne

194 3119 287 3199 copiis
293 3117 446 3178 Luceriam
458 3126 637 3198 premerent,
651 3136 688 3180 an
700 3116 792 3179 altero
806 3121 935 3180 exercitu
950 3127 979 3181 et
992 3118 1156 3199 ducerlpuli

167 3205 288 3272 teirca,
306 3219 378 3280 gens
390 3200 495 3262 dubiae
512 3202 593 3262 adid
612 3196 781 3272 uoluntatis,
798 3209 1024 3282 temptarentur.
1057 3201 1156 3263 Publi·

195 3285 252 3347 lius
275 3284 377 3347 consul
407 3285 444 3347 ad
474 3287 690 3366 peragrandam
711 3286 862 3365 profectus
891 3286 1026 3366 dpulfam
1048 3285 1156 3366 aliquot

195 3370 379 3447 expeditione
401 3387 460 3430 una
481 3369 605 3449 populos
626 3377 676 3431 aut
693 3367 849 3447 visubegit
868 3378 917 3432 aut
934 3368 1156 3431 condicionibus

167 3453 225 3512 111
239 3455 410 3512 societatem
425 3455 546 3532 accepit.
581 3453 699 3532 Papirio
723 3470 854 3532 quoque,
878 3456 929 3534 qui
944 3454 1081 3515 obsessor
1097 3453 1154 3515 Lu·
