2546 3936
193 155 238 216 72
331 169 427 210 nmen
441 168 510 210 vm.
526 166 594 208 cer.
609 155 653 208 22.
667 143 772 227 ²3:1⁸.
789 169 820 208 n.
836 167 864 208 e.
878 152 937 206 tat.
954 143 1016 228 42¹1]

194 325 330 397 terquam
348 315 428 396 quod
447 313 598 394 Fregellas
609 349 652 360 -
666 313 864 375 Sidicinorum
887 315 914 373 is
935 331 1021 392 ager,
1046 313 1171 376 deinde

195 401 366 462 l'olseorum
382 401 534 460 iuerat-
551 397 666 458 colonia
681 397 821 466 deducta,
837 407 868 458 et
882 397 990 477 populo
1002 399 1170 460 visceratio

166 485 261 546 sdata
278 504 295 545 a
311 485 349 546 ll.
365 485 465 545 llario
479 485 510 542 in
526 483 630 542 iunere
647 482 759 542 matris.
790 490 875 542 erant
888 484 940 560 qui
958 501 1013 560 per
1025 485 1166 560 speciem

196 568 386 630 honorandae
404 569 536 648 parentis
555 566 690 625 meritam
711 565 879 625 mercedem
899 565 1009 644 populo
1029 565 1166 626 solutam

196 655 480 732 interpretarentur,
495 649 574 729 quod
589 667 656 710 eum
672 648 719 708 die
735 649 812 709 dicta
824 649 861 710 ab
875 649 1021 710 aedilibus
1031 651 1167 711 crimine

169 747 343 816 tstupratae
365 735 467 796 matris
492 733 619 796 familiae
642 731 822 793 absolvisset
858 733 925 793 data
950 735 1106 794 visceratio
1129 736 1165 792 in

194 821 383 901 praeteritam
396 819 496 879 iudicii
509 819 631 895 gratiam
648 816 770 877 honoris
781 817 868 876 etiam
880 816 907 875 ei
919 835 1005 878 causa
1017 817 1087 886 iuit,
1104 819 1164 877 tri·

194 904 364 984 bunatuque
375 901 473 982 plebei
483 902 626 981 proximis
636 901 763 960 comitiis
773 899 880 960 absens
889 901 1058 980 petentibus
1068 919 1163 979 prae·

195 989 300 1048 fertur.
520 1047 524 1052 .

167 1081 183 1126 5
256 1067 422 1150 Palaepolis
442 1068 497 1129 luit
514 1068 592 1129 haud
613 1067 717 1146 procul
739 1067 823 1138 inde,
845 1067 896 1128 ubi
920 1086 1000 1129 nuuc
1017 1067 1162 1146 Neapolis

195 1156 250 1215 sita
262 1164 316 1214 est.
348 1152 462 1213 duabus
471 1151 596 1212 urbibus
606 1151 732 1231 populus
742 1151 821 1212 idem
834 1151 994 1212 habitabat
1026 1152 1162 1214 aCumis

196 1245 282 1298 erant
291 1236 423 1305 oriundi;
438 1237 560 1299 Cumani
572 1235 710 1296 Chalcide
722 1235 851 1296 Erubuica
862 1239 1007 1313 originem
1023 1235 1156 1295 trabunt.

166 1320 302 1392 uolasse,
317 1340 373 1401 qua
387 1321 498 1380 advecti
514 1319 551 1382 ab
565 1321 654 1382 domo
669 1320 801 1387 fuerant,
816 1317 940 1380 multum
956 1321 986 1380 in
998 1337 1050 1379 ora
1065 1321 1159 1379 maris

194 1403 1157 1566 tbrttlitltbtttt’tittttbtlilitttt

166 1573 367 1634 ttranslerre.
401 1572 474 1631 baec
489 1572 670 1639 civitascum
693 1573 755 1630 suis
770 1570 880 1632 viribus
901 1581 963 1630 tum
979 1570 1155 1631 Samnitium

195 1656 301 1716 infidae
317 1653 457 1714 adversus
473 1653 623 1713 llomanos
637 1655 769 1715 societati
790 1654 865 1714 treta
882 1657 942 1714 sive
959 1653 1154 1732 pestilentiae,

194 1757 269 1818 quae
286 1739 447 1798 liomanam
469 1734 573 1796 urbem
594 1735 697 1797 adorta
719 1738 925 1806 nuntiabatur,
946 1739 1041 1798 tidens
1063 1736 1154 1798 multa

194 1819 311 1883 hostilia
333 1821 472 1880 adversus
492 1820 642 1880 Romanos
661 1839 764 1898 agrurn
785 1821 964 1900 Campanum
982 1820 1153 1882 Falernum-

166 1911 252 1985 tique
264 1903 425 1964 incolentes
436 1903 514 1962 lecit.
542 1905 633 1981 igitur
642 1903 676 1964 L.
688 1903 826 1965 Cornelio
839 1905 964 1966 Lentulo
979 1905 1013 1975 0.
1030 1904 1154 1964 Publilio

194 1989 318 2050 Philone
332 1990 440 2047 itenun
455 1986 625 2053 oonsulibus
638 1986 787 2050 fetialibus
800 1988 977 2068 Palaepolim
993 1989 1029 2049 ad
1045 2007 1093 2048 res
1106 2007 1153 2049 re-

193 2071 336 2153 petendas
348 2071 458 2144 missis,
474 2089 541 2131 cum
554 2070 678 2131 relatum
692 2081 794 2132 esseta
807 2073 941 2142 Graecis,
956 2083 1045 2150 geute
1056 2071 1152 2149 lingua

195 2156 288 2233 magis
297 2164 416 2214 strenua
428 2173 515 2233 quarn
529 2153 627 2223 iactis,
640 2155 723 2216 ieron
734 2174 923 2233 responsum,
936 2175 971 2216 ex
983 2158 1152 2217 arroteritate

167 2248 310 2319 tpatrunr
330 2237 456 2318 populus
474 2237 697 2317 Palaepolitanis
725 2239 835 2299 bellum
857 2241 922 2300 lieri
948 2241 1042 2300 iumit
1077 2241 1152 2299 inter

195 2321 332 2384 consules
352 2323 517 2402 prouinciis¹
531 2325 698 2400 conparatis
724 2322 803 2383 bello
827 2325 931 2384 Graeci
956 2321 1150 2402 persequendi

193 2405 321 2467 Publilio
338 2416 516 2473 euenerunt3
536 2405 689 2467 coroebus
708 2405 801 2468 altero
816 2406 1149 2474 exercitusamnitttus,

154 2491 220 2550 lusi
237 2507 293 2568 qiua
314 2507 346 2550 se
361 2497 527 2557 moverent,
549 2491 710 2568 oppositus.
740 2490 817 2552 lama
830 2502 928 2551 autem
949 2500 1029 2559 erat,
1053 2489 1147 2550 deiec-

193 2574 266 2635 tioni
282 2573 495 2652 Campanorum
509 2575 687 2634 inminentes
698 2573 869 2636 admoturos
882 2583 987 2636 castra.
1013 2573 1054 2634 ibi
1067 2582 1148 2653 optu-

194 2675 275 2718 mum
292 2660 383 2716 'visum
403 2656 539 2718 Cornelio
554 2658 656 2718 stativa
676 2657 795 2718 babere.

168 2747 180 2798 1
280 2739 380 2800 xxiii.
401 2740 446 2801 lb
463 2751 589 2819 utroque
603 2740 724 2802 consule
740 2743 877 2819 exiguam
890 2759 974 2820 spem
989 2743 1071 2822 pacis
1084 2759 1147 2802 cum

196 2821 377 2883 Samnitibus
397 2842 461 2883 esse
481 2825 591 2885 certior
611 2825 642 2886 tit
661 2834 795 2886 senatus:
833 2825 977 2887 Publilius
993 2827 1052 2886 duo
1073 2823 1146 2886 milia

195 2904 376 2969 Nolanorum
393 2906 517 2968 militum
535 2914 565 2967 et
579 2914 716 2985 quattuor
734 2908 910 2970 Samnitium
926 2911 1019 2987 magis
1033 2907 1147 2970 Nolanis

196 2989 369 3068 cogentibus
388 3008 475 3070 quam
497 2989 644 3052 voluntate
664 2992 844 3054 Graecorum
867 3003 986 3072 recepta
1004 2989 1145 3070 Palaepoli
1242 3021 1243 3052 o

166 3075 330 3139 amiserat.
348 3073 384 3112 *⁴¹
400 3074 510 3136 Romae
524 3084 698 3153 conpertum
718 3075 856 3139 dilectum
871 3076 1015 3138 indictum
1029 3095 1045 3136 a
1061 3076 1144 3152 magi·
1242 3085 1243 3130 i

195 3158 336 3219 stratibus
354 3159 582 3236 universumque
598 3160 749 3222 Samnium
765 3170 896 3222 erectum
912 3178 946 3220 ec
968 3162 1078 3221 vicinos
1097 3177 1144 3238 po·

195 3241 294 3320 pulos,
318 3241 517 3304 l'rivernatem
538 3241 771 3324 Fundanumque
791 3253 822 3304 ct
841 3244 1046 3312 Formianum,
1074 3241 1144 3302 haud
1242 3249 1243 3292 t

168 3325 331 3402 tambigue
345 3325 506 3387 sollicitari.
537 3324 575 3386 ob
592 3327 664 3389 baec
678 3347 746 3389 cum
767 3325 880 3404 legatos
899 3329 974 3386 mitti
994 3325 1145 3406 placuisset
1242 3345 1243 3380 i

194 3409 279 3488 prius
289 3407 325 3467 ad
337 3409 492 3478 Samnites.
504 3427 591 3488 quarn
603 3409 713 3472 tellum
724 3411 818 3480 fleret,
833 3428 1009 3490 reaponmm
1021 3409 1147 3498 redditur

1238 3851 1243 3930 l
