2538 3946
206 220 266 298 172
368 229 462 272 amna
474 230 505 270 x.
520 226 589 270 ote.
603 212 646 264 23.
659 213 702 266 24.
718 200 758 284 [a.
773 227 805 266 u.
819 225 845 265 e.
860 207 920 262 458.
935 197 998 281 459]

205 388 265 448 set,
287 378 379 438 sacris
393 381 556 436 arcuerant.
591 372 688 433 brevis
703 370 853 432 altercatio
872 367 942 429 inde
960 385 996 426 ex
1009 367 1165 430 iracundia

177 474 195 526 o
208 462 345 526 muliebri
359 464 389 520 in
405 460 623 519 contentionem
638 458 803 516 animomm
817 454 940 522 exarsit,
962 469 1029 510 cum
1045 469 1078 512 se
1090 452 1164 513 Ver·

206 549 284 628 ginia
302 554 331 605 et
345 545 495 624 patriciam
513 548 542 602 et
556 541 691 618 pudicam
706 541 738 599 in
752 540 892 620 patriciae
909 535 1070 597 Pudicitiae
1088 544 1165 597 tem·

204 631 286 712 plum
314 632 476 706 ingressam
489 633 518 686 et
537 626 589 685 uui
607 632 743 700 nuptam,
770 624 805 684 ad
828 639 915 700 quom
936 620 1017 696 virgo
1038 619 1165 680 deducta

206 717 258 783 sit,
280 732 336 773 nec
354 731 386 772 se
401 713 456 770 tiri
475 711 657 770 bonorumve
671 707 734 766 eius
748 725 782 768 ac
802 723 902 767 rerum
925 713 1073 782 gestarum
1093 721 1165 782 pae-
1267 709 1268 770 t

121 817 126 824 ’
176 801 314 866 enitere,
336 813 406 855 vero
427 794 612 872 gloriaretur.
644 791 720 850 lacto
742 790 848 850 deinde
869 789 988 866 egregio
1008 788 1167 866 magnilica
1267 775 1268 806 ³

204 882 294 942 rerba
316 880 446 940 adauxit:
468 879 499 936 in
521 877 583 934 vico
605 873 722 950 Longo,
755 872 806 934 ubi
826 870 990 938 habitabat,
1018 889 1054 930 ex
1080 879 1167 948 parte

207 966 321 1026 aedium
338 961 416 1040 quod
433 962 503 1020 satis
522 966 598 1018 esset
610 956 667 1016 loci
682 958 798 1017 modico
813 955 919 1017 sacello
935 953 1059 1016 exclusit
1069 972 1167 1016 aram·

206 1067 263 1126 que
284 1047 325 1104 ibi
345 1046 458 1124 posuit;
481 1051 510 1103 et
525 1044 691 1102 convocatis
705 1041 828 1121 plebeiis
843 1041 986 1101 matronis
1005 1044 1167 1116 conquesta

178 1138 194 1188 ‘t
206 1131 342 1190 iniuriam
356 1129 558 1206 patriciarum:
574 1127 675 1196 „banc
687 1143 741 1204 ego
753 1144 834 1186 aram
843 1132 861 1158 ‘⁴
875 1125 970 1202 inquit
980 1121 1167 1192 „Pudicitiae

205 1212 339 1293 plebeiae
351 1211 469 1280 dodico,
483 1229 592 1288 rosque
605 1211 722 1274 hortor,
736 1217 783 1278 ut,
801 1211 879 1286 quod
891 1215 1040 1267 certamen
1052 1207 1168 1266 virtutis

206 1298 285 1356 viros
299 1299 330 1355 in
345 1295 401 1354 hac
416 1295 530 1353 civitate
544 1300 639 1362 tenet,
665 1292 724 1352 boo
746 1291 904 1371 pudicitiae
925 1290 1003 1349 inter
1017 1297 1169 1348 matronas
1267 1351 1268 1368 χ

179 1381 258 1446 tsit,
272 1378 404 1457 dotisque
414 1395 550 1456 operam,
568 1385 600 1436 ut
615 1376 687 1436 baec
699 1395 749 1437 ara
760 1393 846 1454 quam
859 1373 924 1442 illa,
941 1372 1046 1451 siquid
1061 1380 1168 1451 potest,
1267 1427 1268 1434 ,

176 1465 333 1524 esanctius
350 1470 380 1522 et
399 1461 603 1522 acastioribus
620 1459 677 1519 coli
694 1460 838 1519 dicatur.“
879 1456 983 1517 eodem
999 1456 1093 1515 ierme
1108 1457 1170 1517 ritu
1267 1453 1268 1528 ζ

207 1555 237 1608 et
257 1547 330 1606 baec
351 1563 417 1614 ara,
444 1563 502 1623 quo
520 1542 570 1603 illa
591 1545 753 1622 antiquior,
777 1541 855 1602 culta
880 1550 938 1610 est,
960 1539 1090 1615 utnulla
1111 1541 1170 1601 nisi

208 1637 355 1708 spectatae
370 1627 527 1705 pudicitiae
543 1635 678 1686 matrona
694 1634 723 1685 et
734 1644 808 1705 quae
823 1626 875 1685 uni
886 1626 949 1684 viro
960 1632 1050 1702 nupta
1065 1623 1171 1684 luisset

167 1718 200 1770 10
211 1715 255 1772 ius
270 1710 453 1771 sacrificandi
468 1710 600 1770 baberet.
636 1709 749 1786 vulgata
768 1709 835 1768 dein
853 1707 956 1786 religio
974 1705 1021 1787 [a]
1038 1706 1168 1785 pollutis,

208 1813 263 1854 nec
280 1795 423 1852 matronis
437 1792 546 1863 solum,
561 1791 614 1853 sed
631 1795 725 1852 omnis
741 1792 852 1852 ordinis
868 1793 999 1861 leminis,
1017 1800 1168 1871 postremo

208 1879 239 1938 ln
257 1876 435 1936 oblivionem
451 1877 540 1937 venit.
929 1895 933 1900 ·

168 1967 197 2019 tt
274 1961 384 2020 Eodem
407 1978 484 2018 anno
499 1959 551 2019 Cn.
569 1966 599 2018 et
616 1957 650 2028 Ο.
670 1957 788 2035 Ogulnii
802 1955 911 2016 aediles
926 1955 1043 2017 curules
1058 1957 1171 2038 aliquot

167 2051 199 2103 12
211 2042 442 2104 faeneratoribus
463 2042 539 2102 diem
561 2042 712 2109 dixerunt;
735 2059 861 2121 quorum
877 2039 962 2100 bonis
981 2040 1112 2101 multatis
1132 2059 1170 2103 ex

209 2145 259 2195 eo,
280 2127 357 2204 quod
379 2128 408 2184 in
430 2125 578 2204 publicum
604 2125 757 2186 redactum
779 2130 836 2194 est,
859 2143 949 2186 aenea
972 2126 1002 2183 in
1024 2125 1169 2203 Capitolio

208 2209 308 2272 limina
332 2216 361 2269 et
386 2211 475 2269 trium
497 2228 665 2270 mensarum
688 2217 828 2286 argentea
848 2226 915 2269 vasa
943 2209 973 2267 in
997 2207 1071 2268 cella
1093 2209 1169 2270 lovis

208 2293 365 2373 lovemque
385 2293 416 2352 in
432 2292 560 2354 culmine
574 2311 641 2353 cum
657 2293 807 2370 quadrigis
822 2299 852 2354 et
870 2291 906 2351 ad
924 2292 1012 2351 licum
1027 2291 1168 2352 Rumina·

208 2377 266 2438 lem
288 2375 444 2436 simulacra
466 2377 620 2438 infantium
641 2377 827 2437 conditorum
847 2374 929 2436 urbis
949 2374 1003 2435 sub
1026 2374 1169 2438 uberibus
1267 2375 1268 2386 ¹

208 2460 294 2540 lupae
306 2468 475 2539 posuerunt,
488 2463 680 2539 semitamque
691 2479 761 2520 saro
773 2459 914 2539 quadrato
925 2478 942 2519 a
953 2459 1069 2536 Capena
1082 2467 1169 2538 porta

168 2551 201 2606 ta
211 2545 247 2605 ad
272 2545 373 2606 llartis
393 2551 568 2605 straverunt.
621 2552 650 2604 et
670 2543 706 2603 ab
729 2543 872 2604 aedilibus
894 2541 1007 2621 plebeis
1027 2542 1059 2602 L.
1084 2543 1168 2604 delio
1267 2549 1268 2552 ’

208 2629 298 2689 Paeto
325 2637 355 2688 ct
381 2627 411 2688 C.
439 2627 540 2688 Fulvio
567 2628 661 2689 Curvo
688 2645 723 2686 en
746 2627 905 2698 multaticia
933 2627 1004 2686 item
1030 2628 1166 2704 pecnnia,

208 2730 296 2790 quam
313 2717 474 2787 exegerunt
487 2713 632 2790 pecuariis
649 2709 808 2780 damnatis,
828 2711 889 2771 ludi
906 2710 975 2772 lacti
989 2719 1168 2790 pateraeque

209 2813 315 2855 aureae
330 2793 366 2852 ad
384 2794 500 2854 Cereris
513 2797 632 2870 positae.

183 2883 196 2934 l
271 2875 370 2936 xxtV.
403 2875 437 2945 0.
465 2876 535 2936 inde
558 2877 664 2936 Fabius
687 2879 820 2955 quintum
849 2884 878 2936 et
899 2878 931 2938 P.
954 2877 1058 2960 Decius
1078 2895 1167 2956 quar·
1267 2897 1268 2906 ¹

209 2967 271 3022 tum
294 2957 477 3019 consulatum
496 2960 612 3029 ineunt,
638 2959 732 3021 tribus
757 2959 954 3021 consulatibus
985 2979 1168 3040 censuraque

184 3043 342 3120 tcollegae
357 3060 418 3104 nec.
428 3040 520 3119 gloria
535 3045 628 3121 magis
643 3061 760 3113 rerum,
776 3061 850 3122 quae
864 3045 969 3122 ingens
984 3052 1061 3114 erat,
1079 3063 1168 3123 quam

210 3127 367 3188 concordia
385 3127 465 3186 inter
479 3145 510 3186 se
523 3126 604 3188 clari.
634 3146 708 3208 quae
719 3146 757 3188 ne
769 3135 910 3207 perpetua
922 3135 1013 3196 esset,
1030 3128 1168 3187 ordinum

210 3212 304 3286 magis
317 3228 404 3288 quam
426 3211 557 3288 ipsorum
572 3213 650 3272 inter
666 3231 698 3273 se
712 3223 862 3273 certamen
877 3213 1068 3274 intervenisse
1088 3228 1167 3282 reor,

182 3295 338 3374 dpatriciis
351 3293 546 3364 tondentibus,
560 3305 591 3356 ut
598 3296 703 3356 Fabius
714 3295 773 3378 [in]
785 3298 931 3357 Etruriam
941 3306 1023 3356 extra
1032 3295 1168 3355 ordinem

210 3379 390 3455 provinciam
410 3377 545 3448 baberet,
569 3379 680 3458 plebeis
703 3380 870 3440 auctoribus
886 3381 987 3449 llecio,
1005 3385 1038 3438 ut
1052 3378 1087 3437 ad
1103 3395 1169 3437 sor-

184 3465 273 3520 ttem
284 3469 445 3522 revocaret.
471 3461 526 3522 luit
539 3472 620 3522 certe
632 3465 781 3524 contentio
795 3464 826 3522 in
840 3473 958 3532 senatu;
974 3471 1003 3522 et
1013 3470 1170 3542 postquam
