2538 3946
285 237 380 278 umus
393 237 457 278 xxi.
473 237 542 279 uer.
558 224 602 279 48.
617 225 661 279 tt.
679 215 718 299 [s.
736 218 771 280 (i.
787 217 848 300 ete]
987 225 1048 287 245

96 419 137 426 --
154 385 211 444 ianr
238 384 316 444 enim
337 392 366 446 et
389 391 557 445 revocatum
580 401 615 444 ex
632 383 729 447 Sicilia
755 385 948 447 audierat-
969 396 1049 449 ratus

96 465 323 548 expectendum,
338 466 450 538 locum,
472 469 521 547 qul
535 484 628 546 prope
643 467 754 529 ssumen
768 469 929 530 tutissimus
940 472 1048 532 stativis

95 558 140 612 est
155 552 248 622 visus,
264 549 409 612 delectum
424 551 604 611 communiit.
635 569 690 612 nec
704 551 808 630 procul
821 553 890 614 inde
904 553 1077 615 Haunibulss

95 652 163 696 oum
178 633 371 706 consedisset,
389 642 530 714 qnantum
542 635 660 695 victoria
671 637 800 713 equestri
814 636 919 707 elatus,
936 643 1048 698 tantum

95 720 199 779 anxius
212 718 327 797 inopia,
350 735 424 798 quae
439 736 493 798 per
519 718 646 778 bostium
667 735 753 796 agros
772 727 890 780 euntem
906 737 1049 800 nusquam

94 803 276 881 praeparetis
292 800 502 864 commeatibus
517 803 610 862 maior
625 803 657 862 in
673 801 735 862 dies
746 802 923 881 excipiebat,
937 802 974 865 ad
985 803 1049 866 Cla·

95 885 215 945 stidium
243 885 354 956 ritum,
382 903 439 966 quo
462 903 600 963 magnum
626 884 767 946 frumenti
793 899 949 948 numerum
978 893 1076 948 con-9

94 977 248 1046 gesserunt
268 968 416 1040 liornani,
429 969 527 1030 mittit.
563 968 605 1028 ibi
631 986 697 1029 cum
720 970 778 1029 rim
800 978 955 1049 pararent,
982 989 1049 1050 spes

94 1051 172 1112 iactu
186 1051 374 1130 proditionis,
403 1070 457 1113 nec
477 1069 547 1113 sane
561 1069 667 1129 magno
684 1055 794 1131 pretio,
810 1056 938 1136 nummis
953 1055 1048 1115 aureis

94 1135 328 1214 quadringentis,
354 1135 438 1197 Dasio
459 1135 637 1196 Brundisino
662 1135 812 1214 praelecto
834 1137 962 1216 praesidi
983 1155 1048 1197 eor·

93 1226 182 1299 rupto
198 1219 325 1279 traditur
339 1217 495 1280 Hannibali
510 1217 687 1279 Clastidium.
709 1218 739 1279 id
756 1220 897 1281 borreum
907 1221 961 1282 luit
974 1221 1048 1282 Poe·

95 1303 140 1362 nis
156 1301 327 1364 sedentibus
349 1301 386 1362 ad
401 1300 548 1364 Trebiam.
589 1303 619 1361 in
637 1303 766 1380 captivos
782 1321 818 1364 ex
837 1304 945 1365 tradito
961 1310 1090 1384 prae-10

95 1385 185 1457 sidio,
200 1394 233 1447 ut
248 1385 325 1447 lanta
339 1385 511 1447 clementiae
525 1386 556 1444 in
573 1386 718 1464 principio
734 1403 835 1448 rerum
852 1386 1047 1466 colligeretur,

96 1467 171 1528 nihil
185 1470 324 1530 saevitum
341 1475 394 1529 est.

159 1551 257 1614 XLIX.
288 1552 360 1613 Cum
373 1551 409 1612 ed
420 1551 557 1612 Trebiam
574 1559 715 1614 terrestre
732 1555 909 1616 constitisset
929 1553 1047 1626 bellum,
1063 1561 1074 1612 1

95 1637 213 1697 interim
236 1636 314 1696 circa
329 1635 457 1697 Siciliam
480 1634 648 1716 insulasque
668 1635 768 1698 ltaliae
788 1638 966 1700 inminentes
988 1647 1049 1700 eta

96 1719 271 1799 Sempronio
294 1719 414 1794 conside
435 1728 464 1781 et
486 1727 553 1781 ante
575 1720 730 1781 adventum
745 1722 807 1782 eius
819 1728 898 1783 terra
916 1724 1048 1802 marique

95 1821 145 1865 res
160 1791 284 1882 gestae?
292 1798 396 1881 'viginti
407 1806 633 1884 quinqueremes
648 1823 715 1864 cum
728 1803 808 1865 mille
820 1807 939 1867 armatis
950 1805 986 1868 ad
998 1807 1048 1866 de·
1061 1815 1076 1862 2

95 1887 291 1966 populandam
299 1886 486 1948 oramlteliae
494 1906 509 1947 a
517 1887 805 1964 Carthaginiensibus
811 1890 931 1958 missae;
944 1908 1048 1950 novem

96 1972 231 2050 Liparas,
255 1978 321 2032 octo
338 1971 373 2032 ad
387 1970 512 2034 insulam
534 1970 654 2033 Vulcani
673 1977 846 2039 tenuerunt,
868 1978 929 2032 tres
943 1973 973 2030 in
989 1972 1047 2031 ire-

95 2064 158 2115 tum
170 2054 294 2117 advertit
305 2063 410 2116 aestus.
432 2055 529 2116 adeas
543 2061 715 2133 conspectos
726 2071 742 2113 e
752 2054 884 2114 Messana
896 2053 1050 2116 duodecim
1061 2061 1076 2111 3

96 2155 185 2198 naves
205 2137 242 2198 ab
263 2138 393 2199 Hierone
413 2155 484 2214 rege
505 2137 754 2215 Syracusanorum
775 2137 895 2208 missae,
916 2139 1048 2218 quitum

97 2221 174 2281 lente
187 2221 337 2282 Messenae
352 2226 416 2280 erat
429 2218 580 2280 consulem
595 2220 761 2280 Romanum
782 2221 952 2299 opperiens,
968 2220 1047 2282 nullo

98 2310 279 2381 repugnante
291 2309 390 2381 captas
405 2319 493 2363 naves
506 2303 668 2363 Messanam
682 2302 717 2362 in·
726 2310 844 2381 portum
856 2302 1102 2400 deduxerunts
1166 2343 1170 2350 -

97 2387 247 2464 cognitum
264 2405 298 2446 ex
318 2386 438 2464 captivis
451 2393 570 2465 praeter
580 2386 681 2464 viginti
695 2403 797 2455 naves,
814 2386 896 2447 cuius
908 2387 963 2465 ipsi
977 2386 1077 2449 cles-t

97 2471 137 2530 sis
152 2475 264 2540 essent,
280 2471 310 2528 in
322 2467 433 2529 ltaliam
445 2471 549 2530 missas
559 2470 688 2549 quinque
703 2476 731 2530 et
748 2469 865 2548 triginta
879 2468 949 2530 alias
963 2473 1048 2550 quin-

97 2569 253 2632 queremes
269 2551 395 2614 Siciliam
410 2561 511 2632 petere
529 2553 565 2612 ad
587 2552 784 2614 sollicitandos
803 2560 918 2614 veteres
938 2555 1048 2623 socios;

97 2635 227 2715 Lilybaei
233 2636 396 2717 occupandi
406 2638 593 2716 praecipuam
606 2655 706 2697 curam
719 2654 798 2705 esse;
814 2637 936 2698 credere
948 2637 1078 2700 eudemo

97 2727 285 2799 tempestate,
303 2738 359 2800 qua
377 2721 433 2800 ipsi
452 2720 565 2780 disiecti
580 2719 692 2791 iurent,
715 2738 780 2781 cam
795 2737 911 2800 quoque
926 2720 1049 2783 classem

98 2803 264 2882 adlegatio
285 2803 394 2864 insulas
414 2803 564 2864 deiectam.
601 2804 675 2864 baec
690 2805 766 2865 sicut
785 2803 882 2866 auditu
897 2812 980 2867 eraut
995 2813 1075 2867 rexu

96 2887 135 2947 Μ.
149 2887 272 2949 Aemilio
289 2889 433 2968 praetori,
457 2890 540 2950 cuius
554 2887 653 2949 Sicilia
669 2889 819 2967 provincia
834 2896 905 2959 erat,
922 2891 1048 2968 perscri-

98 2968 141 3028 bit
155 2977 326 3049 monetque,
345 2978 378 3032 ut
392 2971 560 3052 Lilybaeum
577 2973 661 3033 iirmo
684 2979 798 3033 teneret
811 2973 968 3052 praesidio.
1000 2980 1073 3032 ent

98 3049 208 3129 templo
220 3071 236 3112 a
251 3063 387 3130 praetore
402 3063 431 3115 et
446 3057 523 3116 circa
534 3057 664 3117 civitates
678 3057 760 3116 missi
772 3054 859 3132 legati
870 3055 1047 3132 tribunique,

99 3137 151 3208 qui
172 3150 240 3194 suos
261 3135 296 3194 ad
323 3155 423 3196 curam
451 3137 599 3198 custodiae
629 3137 835 3206 intenderent:
858 3144 925 3198 ente
952 3138 1049 3198 omnia

98 3215 267 3296 Lilybaeum
282 3220 377 3278 teneri
391 3228 532 3298 apparatu
545 3219 629 3289 belli,
645 3220 740 3281 edicto
751 3221 916 3299 proposito,
932 3226 964 3280 ut
978 3221 1050 3280 socii

98 3298 216 3360 navales
227 3300 328 3361 deceni
344 3300 458 3362 dierum
470 3309 552 3364 cocta
564 3302 673 3363 cibaria
685 3303 721 3363 ad
734 3320 821 3364 neves
833 3302 993 3374 deferrent,
1008 3311 1049 3375 ut,
1061 3309 1078 3360 8

99 3384 149 3445 ubi
169 3389 285 3463 signum
306 3385 404 3446 datum
428 3392 518 3454 esset,
546 3386 674 3464 nequid
696 3404 809 3446 moram
833 3387 1049 3448 conscendendi

99 3468 225 3539 iacerem
237 3487 349 3551 perque
365 3487 481 3530 omnem
493 3487 575 3531 oram
590 3471 640 3551 qui
657 3489 691 3530 ex
707 3468 832 3550 speculis
845 3471 1050 3551 prospicerent
