2538 3946
291 262 390 308 cmm
402 266 433 308 x.
447 263 516 309 om.
532 251 574 308 15.
591 251 634 306 to.
651 241 690 326 [a.
704 245 739 308 0.
753 253 814 309 ror.
829 245 893 330 eoo]
1011 251 1073 316 tot

106 415 211 484 cisset,
227 418 381 473 extractos
398 399 505 472 deinde
521 409 564 472 ad
574 417 722 472 certamen
739 411 870 474 fudisset.
899 412 942 474 ibi
957 421 1102 495 quoquet

103 496 170 578 plus
187 497 281 575 iugae
297 494 353 556 iuit
369 514 456 575 quam
477 495 589 556 caedis:
611 495 668 556 duo
689 495 769 557 milia
789 494 950 576 Apulorum
971 515 1072 568 caesa:

103 590 270 661 spretoque
287 597 324 639 eo
339 579 423 640 hoste
438 579 544 640 Decius
558 580 588 639 in
609 579 761 640 Samnium
780 579 913 658 legiones
927 579 1018 640 duxit.
1032 581 1102 642 thia

102 665 162 729 duo
180 662 359 724 consulares
385 665 532 725 exercitus
559 663 680 723 diversis
706 666 802 742 vagati
820 662 954 742 portibus
974 665 1073 724 omnia

101 750 200 828 spatio
216 748 353 826 quinquo
366 763 502 808 mensum
526 755 701 808 evastarunt.
735 747 928 827 quadraginta
943 753 973 807 et
987 748 1101 826 quin-4

102 851 161 912 que
179 832 249 891 loca
265 833 299 890 in
317 831 435 891 Samnio
450 831 546 902 inere,
562 832 593 890 in
607 831 714 911 quibus
728 832 810 892 Decii
832 838 926 892 castra
941 832 1071 900 inerunt,

102 915 232 976 alterius
250 914 383 974 consulis
396 932 448 975 sex
459 923 489 975 et
503 917 661 992 octoginta.
691 933 746 976 neo
758 915 823 976 valli
839 922 951 976 tantum
963 931 997 974 ac
1013 914 1100 974 ios-o

100 1017 205 1060 sarum
230 999 357 1074 vestigia
379 997 494 1068 relicta,
522 998 575 1058 sed
597 997 689 1059 multo
714 998 772 1060 illis
791 1000 953 1076 insigniora
966 1016 1072 1059 moun·

100 1093 205 1144 menta
227 1082 374 1142 vastitatis
395 1083 474 1142 circa
493 1084 708 1161 regionumque
731 1082 982 1162 depopulaturum.
1016 1082 1100 1142 Fut

100 1164 170 1228 hius
187 1168 283 1226 etiam
298 1164 403 1225 urbem
420 1166 576 1226 Cimetram
599 1168 686 1243 cepit.
720 1165 763 1224 ibi
786 1175 871 1245 capta
891 1174 1071 1227 armatorum

102 1248 266 1312 duomilia
284 1250 439 1326 nongenti,
462 1250 539 1309 caesi
562 1255 728 1327 pugnantes
747 1250 842 1309 ferme
861 1251 1005 1328 nongenti
1019 1251 1071 1308 tri·

165 1415 244 1476 lnde
267 1414 455 1474 comitiorum
477 1431 565 1473 causa
585 1413 709 1474 Romam
736 1413 888 1493 proiectus
916 1415 1099 1473 maturavitt

101 1518 168 1560 eam
188 1517 261 1559 rem
277 1515 375 1575 agere.
403 1515 470 1558 cum
485 1499 582 1576 primo
595 1504 714 1557 vocatae
729 1496 763 1567 Q.
780 1494 903 1558 Fabium
919 1493 1069 1556 consulem

98 1582 247 1642 dicerent
265 1599 367 1642 omnes
384 1583 548 1651 centuriae,
564 1584 625 1662 dp..
634 1581 772 1642 Claudius
795 1577 957 1640 consularis
971 1578 1071 1639 candi·

99 1665 202 1737 datus,
219 1665 271 1724 'vir
283 1683 351 1724 acer
363 1672 392 1725 et
403 1665 586 1737 ambitiosae,
606 1683 665 1726 non
681 1667 726 1726 sui
738 1666 830 1743 magis
841 1663 962 1725 honoris
975 1680 1070 1733 causa,
1083 1670 1100 1721 8

100 1769 193 1830 mam
207 1755 248 1809 ut
270 1751 386 1827 patricii
405 1757 617 1830 recuperarent
640 1749 697 1810 duo
713 1748 876 1810 consularia
899 1748 979 1820 loca,
1002 1765 1069 1808 cum

102 1835 166 1894 suis
188 1842 257 1894 tum
273 1835 362 1892 totius
378 1833 537 1894 nobilitatis
552 1834 663 1894 viribus
683 1833 829 1903 incubuit,
850 1839 884 1892 ut
899 1851 931 1892 se
951 1831 1068 1902 cqu.

102 1913 199 1978 Fabio
215 1915 365 1976 consulem
379 1917 520 1977 dicerent.
551 1917 659 1976 Fabius
675 1917 771 1995 primo
787 1916 823 1975 de
839 1933 870 1974 se
887 1916 989 1975 eadem
1005 1915 1098 1974 ieret)

104 2017 184 2078 quae
207 2000 309 2077 priore
331 2018 409 2059 anno
430 2000 555 2061 dicendo
577 2001 717 2060 abnuere.
749 2001 940 2059 circumstare
967 1994 1068 2057 sellam

105 2085 208 2144 omnis
225 2082 376 2153 nobilitas,
401 2101 502 2153 orare,
526 2090 559 2143 ut
577 2103 613 2144 ex
635 2101 726 2143 caeno
746 2081 864 2159 plebeio
887 2078 1070 2140 consulatum

105 2167 281 2227 extraheret
299 2167 539 2242 maiestatemque
561 2166 713 2243 pristinam
735 2182 801 2224 cum
819 2163 926 2224 honori
940 2171 1002 2224 turn
1018 2181 1069 2242 pa·

105 2252 205 2310 iniciis
220 2246 355 2323 gentibus
370 2248 516 2307 redderet.
548 2247 655 2306 Fabius
669 2246 784 2306 silentio
799 2247 876 2306 iacto
890 2247 991 2307 media
1000 2264 1066 2305 ora·
1080 2253 1113 2304 10

105 2335 192 2393 tione
213 2329 307 2388 studia
330 2329 483 2390 hominum
503 2331 627 2390 sedavit:
652 2331 798 2389 iacturum
820 2329 898 2388 enim
926 2328 1069 2390 sciuisse

108 2416 201 2484 dixit,
217 2420 250 2472 ut
266 2411 390 2472 duorum
408 2415 600 2491 patriciorum
614 2416 734 2475 nomina
755 2413 915 2491 reciperet,
939 2412 964 2472 si
979 2409 1069 2471 alium

108 2517 200 2579 quarn
216 2515 247 2556 se
262 2495 414 2556 consulem
435 2498 499 2556 fieri
521 2497 647 2566 viderct3
670 2515 748 2556 nunc
770 2514 801 2556 se
821 2512 904 2555 suam
924 2496 1069 2555 rationem
1079 2502 1110 2552 11

109 2582 255 2651 comitiis,
271 2598 339 2640 cum
356 2588 458 2641 contra
473 2581 553 2659 leges
567 2581 696 2641 futurum
716 2583 766 2650 sit,
789 2579 918 2658 pessimo
933 2575 1068 2656 exemplo

108 2683 173 2725 non
187 2665 365 2726 habiturum.
393 2665 433 2724 ita
448 2665 480 2724 L.
493 2665 664 2725 Volumnius
678 2665 714 2724 de
725 2663 815 2741 plebe
832 2680 899 2723 cum
911 2663 965 2741 ip.
982 2661 1111 2722 Clau-12

110 2748 162 2808 dio
178 2748 281 2809 consul
297 2756 342 2808 est
356 2747 464 2816 iactus,
482 2750 582 2827 priore
597 2751 666 2808 item
683 2745 836 2806 consulatu
856 2747 934 2807 inter
950 2764 981 2807 se
997 2763 1066 2806 con·

108 2834 215 2908 parati.
241 2831 378 2892 nobilitas
389 2830 536 2892 obiectare
549 2831 639 2891 Fabio
651 2833 759 2909 fugisse
775 2850 841 2892 eum
853 2829 1067 2911 dp.Claudium

112 2912 256 3054 ctqllegam
272 2915 438 2994 eloquentia
455 2914 644 2994 civilibusque
659 2916 771 2976 artibus
786 2915 965 2977 hauddubie
980 2933 1066 2995 prae·

109 3011 125 3052 s
156 3005 246 3055 ntem.

172 3077 245 3137 xvi.
280 3079 411 3140 Comitiis
427 3081 567 3160 perlectis
586 3088 701 3140 veteres
717 3080 852 3140 consules
868 3082 939 3141 iussi
955 3077 1064 3138 bellum
1078 3083 1091 3134 1

109 3161 143 3221 in
155 3161 274 3221 Samnio
288 3179 392 3239 gerere
406 3173 564 3242 prorogato
576 3165 604 3222 in
618 3181 669 3222 sex
681 3182 796 3224 menses
808 3165 942 3242 imperio.
969 3163 1095 3240 itaquae

110 3246 277 3324 insequenti
296 3262 411 3324 quoque
431 3265 508 3306 anno
526 3247 558 3306 L.
580 3246 734 3306 Volumnio
750 3249 803 3324 dp.
823 3245 943 3306 Claudio
959 3263 1065 3305 consu·

111 3327 200 3401 libus,
223 3331 255 3391 P.
270 3330 390 3399 Decius,
411 3333 460 3410 qui
476 3329 578 3390 consul
597 3332 628 3389 in
643 3329 762 3389 Samnio
781 3328 899 3390 relictus
918 3347 934 3389 a
953 3328 1065 3407 collega

111 3413 221 3485 iuerat,
236 3413 395 3494 proconsul
410 3414 488 3476 idem
503 3413 637 3494 populari
652 3430 711 3472 non
727 3413 837 3474 destitit
853 3431 952 3490 agros,
970 3412 1064 3474 donec

112 3497 286 3560 Samnitium
305 3501 467 3560 exercitum
487 3516 631 3579 nusquam
651 3515 683 3559 se
697 3498 811 3578 proelio
832 3500 1064 3560 committentem

790 3585 855 3650 112
