2532 3938
313 234 408 280 mne
422 232 478 276 vu.
494 231 564 276 oar.
582 217 626 269 32.
644 217 687 270 a&
704 208 744 290 [s.
760 210 794 272 0.
809 208 873 292 84³]
1033 214 1073 277 35

113 389 153 450 tls
173 395 219 446 est
239 383 414 463 praemium.
449 379 574 458 proinde
596 395 743 438 summum
769 376 905 456 quodque
931 385 1070 456 spectate,

113 469 231 537 milites,
248 467 348 526 decus.
376 481 444 532 non,
456 464 482 522 si
496 462 569 522 mihi
584 479 691 522 norum
704 460 762 520 hoc
774 461 892 521 Corvini
905 477 1070 539 cognomen
1081 467 1113 521 lt

114 553 169 613 diis
182 548 352 612 auctoribus
365 547 501 606 homines
521 545 657 614 dedistis,
686 542 904 605 Publicolarum
924 553 1070 606 vetustum

111 635 240 698 familiae
255 641 373 692 nostrae
389 647 552 706 cognomen
564 627 706 688 memoria
718 629 853 688 excessit.
884 646 1002 706 semper
1013 645 1068 706 ego
1081 634 1113 686 lc

111 719 230 799 plebem
242 716 404 776 Romanam
416 712 537 772 militiae
549 711 695 790 domique,
711 713 857 790 privatus,
873 711 903 770 in
915 713 1069 788 magistra·

111 801 191 862 tibus
202 801 299 879 parvis
314 799 499 875 magnisque,
515 813 608 874 aeque
619 793 756 854 tribunus
767 812 801 854 ac
822 791 941 864 consul,
964 794 1068 854 eodem

111 894 218 944 tenore
247 900 301 961 per
322 899 424 941 omues
451 878 591 957 deinceps
623 877 792 938 consulatus
812 877 877 939 colo
905 885 993 956 atque
1020 896 1069 939 co·

111 966 164 1028 lui.
203 984 296 1042 nunc,
322 963 400 1044 quod
424 965 526 1032 instat,
554 962 610 1022 diis
634 960 1110 1022 beneiuvanubosnovumat-1a

112 1069 169 1131 quc
188 1052 337 1126 integrum
358 1048 394 1108 de
409 1045 590 1106 Samnitibus
611 1045 792 1123 triumphum
813 1064 929 1106 mecum
946 1047 1069 1125 petitc.“

110 1133 238 1196 xxxiii.
268 1132 334 1192 Non
350 1130 421 1191 alias
431 1129 521 1189 militi
536 1128 710 1189 familiarior
724 1129 782 1190 dux
805 1129 860 1189 luit
879 1131 978 1190 omnia
991 1131 1099 1190 interl

110 1218 227 1278 infimos
249 1215 374 1275 militum
401 1214 479 1273 haud
506 1221 624 1290 gravate
651 1214 751 1273 munia
771 1212 918 1274 obeundo.
945 1211 1100 1274 inludet

110 1311 266 1381 praeterea
292 1298 429 1364 militari,
455 1314 523 1357 cum
549 1295 709 1356 velocitatis
739 1298 902 1375 viriumque
931 1298 1010 1358 inter
1036 1315 1069 1357 se

111 1383 249 1462 aequales
259 1382 420 1440 certamina
432 1381 549 1449 ineunt,
563 1381 687 1440 comiter
698 1377 799 1448 facilis,
811 1381 930 1440 vincere
945 1399 978 1441 aa
991 1381 1069 1440 vinci

15 1509 16 1512 κ
111 1466 192 1527 vultu
205 1466 309 1525 eodem
324 1482 379 1524 nec
392 1483 568 1542 quemquam
580 1465 732 1542 aspernari
747 1481 858 1541 parem,
870 1464 921 1542 qui
934 1482 965 1524 se
981 1464 1067 1526 oller,

111 1558 172 1617 ret;
196 1549 281 1608 iactis
303 1547 448 1624 benignus
467 1566 523 1626 pro
543 1565 591 1617 re,
616 1547 700 1606 dictis
717 1545 795 1607 haud
812 1547 909 1607 minus
925 1546 1099 1607 libertatist

111 1633 225 1694 alienae
233 1651 325 1712 quam
340 1649 410 1691 suae
423 1631 572 1708 dignitatis
583 1649 712 1699 memor,
729 1637 771 1701 et,
789 1648 847 1709 quo
858 1630 930 1692 nihil
946 1630 1068 1710 popula·
1141 1661 1156 1685 0

109 1719 172 1778 rius
190 1727 248 1786 est,
264 1715 371 1794 quibus
382 1715 494 1774 artibus
511 1717 636 1792 petierat
650 1715 852 1792 magistratus,
867 1715 971 1775 iisdem
982 1733 1066 1793 gere·

110 1800 169 1860 bat.
197 1801 295 1878 itaque
314 1799 468 1859 universus
491 1800 638 1859 exercitus
657 1797 823 1858 incredibili
845 1798 994 1860 alacritate
1014 1798 1097 1861 aad-l

111 1883 307 1944 hortationem
322 1890 497 1960 prosecutus
509 1880 592 1941 ducis
608 1883 712 1942 castris
728 1883 889 1959 egreditur.

173 1964 337 2035 Proelium,
356 1973 389 2025 ut
403 1964 481 2043 quod
499 1966 624 2024 maxime
642 1984 797 2043 umquam,
817 1968 881 2044 pari
896 1985 949 2046 spe
963 1968 1098 2028 mrim-tt

110 2069 177 2131 que,
189 2051 290 2129 aequis
296 2048 416 2118 viribus,
429 2067 494 2107 cum
507 2047 612 2108 liducia
626 2050 672 2109 sui
682 2050 746 2108 sine
757 2056 928 2127 contemptu
940 2051 1067 2110 hostium

109 2135 300 2195 commissum
315 2139 369 2192 est.
399 2131 580 2203 Samnitibus
595 2132 737 2192 ferociam
752 2131 899 2209 augebant
916 2152 1008 2194 norae
1020 2140 1099 2194 restt

109 2226 209 2296 gestae
230 2227 260 2276 et
279 2233 389 2293 paucos
411 2223 480 2274 ante
503 2214 565 2275 dies
586 2217 734 2293 geminata
760 2216 896 2286 victoria,
926 2217 1067 2276 Romanis

110 2309 212 2361 contra
225 2299 507 2378 quadringentorum
522 2316 668 2358 annorum
682 2297 790 2358 decora
804 2305 834 2357 et
847 2298 983 2359 conditae
999 2297 1068 2359 urbi

109 2381 240 2462 aequalis
251 2383 387 2451 victoria;
400 2383 533 2461 utrisque
545 2390 644 2442 tamen
656 2400 747 2442 novus
758 2382 851 2442 lrostis
864 2400 966 2443 curam
979 2381 1066 2442 adde·
1082 2391 1097 2439 7

108 2465 170 2528 bat.
201 2483 299 2544 pugna
314 2465 424 2526 indicio
438 2464 510 2536 luit,
533 2484 607 2545 quos
622 2467 768 2544 gesserint
784 2465 913 2526 animos:
939 2484 1067 2546 namque

107 2552 148 2611 ita
164 2550 377 2618 conflixerunt,
393 2559 427 2609 ut
443 2548 621 2627 aliquamdiu
644 2552 675 2609 in
694 2557 829 2610 neutram
851 2557 966 2627 partem
983 2549 1066 2609 incli-

107 2642 215 2698 narent
227 2635 313 2694 acies.
342 2641 404 2693 tum
416 2633 518 2692 consul
535 2633 761 2712 trepidationem
776 2633 953 2695 iniciendam
974 2640 1063 2702 ratus,
1078 2638 1096 2691 8

107 2718 225 2798 quando
248 2718 277 2777 ri
297 2715 367 2795 pelli
393 2734 455 2777 non
482 2725 633 2795 poterant,
667 2715 814 2796 equitibus
847 2718 975 2778 inmissis
1003 2725 1066 2779 tur·

106 2800 180 2863 bare
192 2802 288 2880 prima
308 2802 391 2878 signa
412 2799 540 2860 hostium
564 2812 696 2861 conatur.
733 2819 807 2880 quos
821 2800 872 2861 uhi
889 2803 1099 2881 nequiquamtt

106 2885 318 2947 tumultuantes
344 2886 375 2943 in
405 2883 499 2961 spatio
520 2885 626 2961 exiguo
652 2883 768 2945 volvere
790 2893 900 2946 turmas
920 2886 991 2946 vidit
1010 2905 1068 2946 nec·

107 2986 195 3048 posse
219 2969 334 3049 aperire
354 2968 385 3027 in
407 2967 507 3027 hostes
525 2969 617 3038 viam,
638 2978 773 3029 revectus
798 2969 835 3028 ad
859 2971 1066 3046 antesignanos

107 3052 258 3128 legionum
283 3068 350 3110 cum
376 3049 542 3111 desiluisset
567 3070 603 3111 ex
630 3069 721 3131 equo,
754 3062 941 3122 „nostrum‘⁴
971 3053 1067 3131 inquit
1077 3057 1107 3108 10

107 3134 268 3214 „peditum
296 3131 384 3204 illud,
416 3133 543 3216 milites,
571 3141 617 3194 est
647 3152 734 3213 opus:
764 3136 927 3212 agitedum,
954 3142 988 3195 ut
1018 3153 1066 3196 me

107 3219 255 3286 videritis,
277 3234 460 3298 quacumque
479 3219 629 3278 incessero
651 3219 683 3276 in
704 3218 798 3277 aciem
819 3219 961 3288 hostium,
984 3217 1064 3277 ierro

107 3304 183 3363 riam
200 3301 367 3371 facientem,
388 3302 432 3362 sic
451 3319 507 3380 pro
522 3319 554 3362 se
576 3302 699 3379 quisque
726 3299 827 3360 obvios
846 3302 988 3369 sternite;
1015 3299 1064 3361 illa

108 3389 224 3455 omnia,
246 3403 304 3463 qua
319 3403 398 3446 nuuc
414 3393 531 3446 erectae
551 3385 663 3444 micant
676 3383 793 3453 hastae,
807 3383 953 3462 patefacta
967 3393 1064 3462 strage

106 3479 187 3532 vasta
203 3471 363 3531 cernetis.“
389 3469 464 3530 haec
481 3468 558 3530 dicta
574 3468 710 3537 dederat,
727 3484 794 3528 cum
809 3469 922 3547 equites
936 3467 1065 3535 consulis
1074 3475 1104 3526 11

818 3553 861 3620 3⁸
