2532 3938
153 199 157 207 ι
200 169 240 229 20
350 181 500 224 crassen
527 156 1005 242 oar.19,2o.[s.u.e.400.401]

167 329 411 409 striumphatum
428 327 464 388 de
481 327 669 400 TiburtibuS,
691 327 820 408 alioquin
840 328 921 388 mitis
947 328 1068 388 victoria
1090 327 1151 390 fuit.
1254 305 1255 372 3

200 415 231 474 in
251 412 480 492 Tarquinienses
500 411 606 473 acerbe
628 414 785 474 saevitum:
808 411 907 472 multis
929 410 1103 473 mortalibus
1123 413 1153 474 in

201 499 263 560 acie
280 498 372 558 caesis
387 515 424 556 ex
443 497 557 573 ingenti
579 499 761 574 captivorum
781 513 906 556 numero
927 497 1053 558 trecenti
1071 497 1154 575 quin·
1254 493 1255 538 ἕ

201 583 338 660 quaginta
354 587 420 641 octo
440 579 562 650 delecti,
579 578 777 640 nobilissimus
799 581 936 659 quisque,
960 581 1011 657 qui
1031 578 1154 642 Romam
1254 603 1255 606 ¹

168 673 185 726 a
201 667 403 732 mitterentur;
417 663 519 742 volgus
534 662 613 724 aliud
626 662 826 726 trucidatum.
842 681 898 723 nec
912 662 1038 743 populus
1051 664 1083 723 iu
1094 681 1152 734 eos,

200 750 251 830 qui
266 749 350 809 missi
363 747 487 808 Romam
503 740 596 817 erant,
612 747 712 808 mitior
726 746 794 807 luit:
822 747 921 808 medio
931 749 963 806 iu
975 747 1039 806 loro
1054 765 1155 808 omues
1254 801 1255 834 ζ

198 834 288 911 virgis
303 833 382 894 caesi
398 849 432 891 ac
453 831 551 890 securi
568 831 711 911 percussi.
742 830 771 889 id
785 847 841 909 pro
860 829 1018 891 immolatis
1038 831 1070 890 in
1092 831 1155 892 loro
1254 887 1255 914 3

166 915 487 994 4Tarquininieusium
497 913 637 974 Romanis
652 931 766 994 poenae
781 913 914 975 hostibus
925 913 1083 976 redditum.
1108 932 1155 976 res

198 999 276 1072 bello
292 997 369 1058 bene
381 1007 496 1076 gestae,
510 1005 545 1058 ut
555 999 701 1058 Samnites
713 1014 830 1077 quoque
845 998 1000 1059 amicitiam
1011 1006 1154 1078 peterent,

200 1083 371 1144 effecerunt.
401 1080 505 1160 legatis
529 1099 633 1143 eorum
651 1084 775 1144 comiter
795 1080 832 1142 ab
846 1089 949 1143 senatu
965 1100 1155 1162 responsum:

167 1175 184 1227 o
198 1166 318 1228 loedere
331 1167 363 1226 in
378 1167 547 1227 societatem
567 1167 688 1245 accepti.
720 1166 786 1228 Non
801 1165 903 1228 eadem
918 1166 998 1226 domi
1012 1184 1086 1246 quae
1102 1168 1155 1228 mi·
1254 1183 1255 1238 3

197 1250 277 1312 litiae
293 1249 412 1311 senuna
426 1257 490 1311 erat
503 1249 584 1329 plebi
597 1245 757 1311 Romanae.
789 1267 859 1310 nam
873 1250 928 1310 etsi
951 1251 1082 1311 unciario
1097 1251 1156 1311 lae·
1254 1255 1255 1260 ’

197 1353 271 1396 nore
285 1334 362 1396 lacto
378 1333 470 1395 lerata
491 1352 581 1394 usura
604 1341 680 1403 erat,
704 1341 784 1395 sorte
806 1335 869 1412 ipsa
889 1333 1091 1394 obruebantur
1111 1335 1156 1395 iu·
1254 1371 1255 1416 3

197 1437 269 1499 opes
284 1435 452 1496 nexumque
471 1417 601 1478 inibant:
628 1435 664 1476 eo
683 1435 738 1477 neo
754 1418 894 1496 patricios
917 1416 1005 1478 ambo
1022 1417 1157 1479 consules
1254 1469 1255 1472 ,

197 1521 295 1582 neque
316 1503 502 1562 comitiorum
524 1517 625 1560 euram
646 1498 798 1578 publicare
826 1501 921 1562 studia
946 1519 1018 1581 prae
1037 1503 1157 1582 privatis

164 1595 182 1648 o
196 1584 393 1647 incommodis
405 1582 489 1662 plebs
500 1583 536 1644 ad
548 1584 678 1643 animum
695 1581 875 1644 admittebat.
897 1584 1066 1646 consulatus
1077 1594 1156 1647 uter·

196 1687 254 1748 que
270 1666 348 1746 apud
362 1667 503 1747 patricios
516 1673 630 1736 manet;
650 1664 786 1728 consules
797 1669 888 1729 creati
900 1668 929 1729 C.
944 1668 1091 1748 Sulpicius
1101 1669 1156 1730 Pe·
1254 1729 1255 1736 ,

196 1755 273 1814 deus
288 1757 425 1830 quartum
439 1749 477 1811 bl.
491 1748 624 1811 valerius
638 1749 790 1811 Publicola
804 1751 923 1813 iterum.
1254 1791 1255 1794 =

259 1835 294 1896 ln
304 1833 415 1895 bobum
429 1822 585 1895 Etruscuul
598 1835 741 1895 intentam
752 1835 914 1910 civitatem,
930 1837 998 1915 quia
1011 1837 1157 1898 Caeritem
1254 1871 1255 1890 r

195 1918 337 1999 populum
349 1918 549 1979 misericordia
564 1919 824 1996 consanguinitatis
830 1919 1091 1998 Tarquiniensibus
1104 1919 1156 1980 ad·
1254 1945 1255 1948 ¹

196 2005 329 2064 iunctum
345 2001 423 2064 lama
436 2001 566 2073 terebat,
580 2001 670 2081 legati
679 2003 776 2063 Latini
791 2001 827 2063 ad
839 2001 958 2064 Volscos
972 2009 1156 2073 convertere,

197 2087 365 2148 nuntiantes
387 2087 547 2147 exercitum
573 2087 773 2166 conscriptum
793 2093 996 2164 armatumque
1016 2085 1076 2145 iam
1094 2087 1157 2147 suis

196 2169 303 2231 linibm
324 2170 484 2242 inminere,
501 2169 571 2232 inde
585 2169 808 2250 populabundos
828 2171 976 2248 inagrum
990 2169 1157 2230 Romanum
1254 2191 1255 2250 3

163 2258 333 2316 tventuros
345 2271 419 2314 esse.
444 2256 559 2316 censuit
568 2256 783 2332 igitursenatus
795 2258 930 2316 neutram¹
941 2251 1156 2331 neglegendam
1254 2273 1255 2334 j

197 2357 261 2400 rem
277 2355 355 2407 esse;
370 2345 497 2416 utroquo
508 2338 639 2416 legiones
655 2338 748 2399 scribi
761 2338 955 2418 consulesque
971 2338 1071 2400 sortiri
1085 2355 1156 2416 pro·
1254 2389 1255 2392 ,

164 2425 182 2477 0
196 2424 305 2483 vincius
319 2423 413 2482 iussit.
434 2422 585 2481 inclinavit
595 2420 701 2481 deinde
715 2441 784 2500 pars
797 2424 891 2484 maior
906 2439 996 2483 curae
1007 2423 1037 2481 in
1052 2421 1156 2482 Etrus·
1254 2461 1255 2496 3

196 2525 264 2567 cum
279 2504 404 2574 bobum,
420 2511 574 2584 postquam
588 2503 694 2565 litteris
712 2503 834 2584 Sulpicii
852 2505 995 2575 consulis,
1019 2507 1068 2566 cui
1082 2505 1156 2566 Tar·
1254 2533 1255 2538 ¹

196 2590 289 2670 quinii
303 2589 605 2667 provinciaevenerat,
618 2588 819 2664 cognitumest
830 2587 1039 2668 depopulatum
1050 2607 1156 2667 agrum
1254 2611 1255 2618 ¹

196 2675 275 2732 circa
286 2672 433 2732 llomanas
446 2671 552 2733 salinas
563 2671 749 2751 praedaeque
755 2681 870 2749 partem
881 2673 914 2732 in
920 2672 1067 2735 Caeritum
1081 2673 1157 2734 lines

195 2761 340 2823 avectam,
356 2761 385 2814 et
399 2753 476 2816 haud
489 2754 575 2816 dubie
586 2756 766 2816 iuventutem
778 2756 841 2817 eius
855 2755 956 2835 populi
976 2757 1054 2818 inter
1068 2774 1156 2837 prae·

164 2843 181 2894 9
196 2839 313 2900 datores
327 2837 427 2898 luisse.
448 2840 547 2917 itaque
564 2837 711 2899 Valerium
726 2839 892 2910 consulem,
908 2839 1019 2902 Volscis
1034 2842 1156 2921 opposi-
1254 2877 1255 2896 r

196 2930 258 2984 tum
270 2927 423 3001 castraque
435 2922 471 2984 ad
485 2922 575 2982 finem
586 2915 784 2983 Tusculanum
796 2923 968 2994 habentem,
985 2930 1157 2986 revocatum
1254 2963 1255 2966 =

155 3011 187 3064 to
195 3005 265 3068 iude
277 3011 396 3066 senatus
411 3005 585 3068 dictatorem
596 3004 696 3066 dicere
705 3006 799 3068 iussit.
822 3008 856 3068 Τ.
868 3006 1007 3070 blanlium
1018 3008 1051 3069 L.
1062 3006 1157 3070 tilium
1254 3017 1255 3032 ¹

196 3091 277 3152 dixit.
306 3091 417 3152 iseum
433 3090 490 3152 sibi
506 3091 681 3168 magistrum
702 3092 832 3169 equitum
849 3094 881 3152 Α.
899 3091 1067 3153 Cornelium
1082 3092 1156 3154 Cos·
1254 3129 1255 3170 3

195 3193 261 3236 sum
276 3173 412 3245 dixisset,
434 3173 582 3238 consulari
597 3175 728 3235 exercitu
745 3183 901 3237 contentus
922 3195 958 3238 ex
980 3177 1158 3238 auctoritate
1254 3171 1255 3216 ⁷

163 3265 177 3316 t
194 3265 311 3338 patrum
318 3276 352 3319 ac
364 3259 466 3340 populi
476 3261 557 3322 iussu
564 3258 728 3322 Caeritibus
738 3258 849 3321 bellum
860 3259 974 3321 indixit.
997 3259 1058 3321 XX.
1076 3260 1157 3321 l'um
1254 3255 1255 3306 ἶ

195 3343 324 3420 primum
340 3341 484 3414 Caerites,
508 3359 656 3424 tamquam
676 3344 708 3404 in
726 3343 825 3406 verbis
844 3345 972 3405 bostium
994 3345 1037 3404 ris
1056 3344 1157 3405 maior

197 3423 233 3484 ad
250 3423 359 3486 bellum
373 3427 598 3506 significandum
612 3445 700 3508 quam
719 3429 751 3488 in
768 3429 828 3490 suis
843 3427 941 3498 lactis,
965 3429 1016 3506 qui
1029 3445 1084 3507 per
1098 3445 1157 3506 po·
