2542 3956
258 219 349 262 maan
362 221 452 262 nur.
467 219 534 262 om.
548 209 591 262 ts.
606 209 650 261 ro.
668 198 706 281 [a.
718 203 759 302 p.
771 200 832 282 ma]
961 207 1021 269 369
1069 193 1072 197 '

72 376 160 439 esset,
176 368 212 428 iis
227 370 330 447 primis
345 367 516 430 solveretur.
546 369 620 429 baec
637 377 755 448 praetor
769 373 800 430 in
813 373 949 431 contione
961 372 1022 430 edi·
1033 381 1065 430 ta

71 455 127 522 xit,
145 471 260 533 quoquc
271 455 319 513 dic
333 454 503 514 vestimento
519 452 698 516 trumentum
714 455 900 534 llispaniensi
912 458 1023 516 exerci·

72 537 113 595 tui
131 537 300 615 praebenda
322 554 455 617 quaeque
476 534 531 597 alia
553 555 627 616 opus
647 546 745 599 essent
768 537 917 600 navalibus
938 541 1025 600 sociis
1114 573 1115 578 κ
1217 571 1218 576 κ

72 628 147 680 esset
161 619 319 682 locaturus

130 703 230 766 llLlll.
261 704 316 766 Ubi
334 723 367 765 ea
382 703 445 766 dies
457 707 549 776 venit,
566 705 602 766 ad
618 706 840 768 conducendum
856 715 918 767 tres
931 708 1025 768 socie
1038 715 1052 766 l

72 797 143 848 tates
157 788 280 849 aderant
290 790 443 850 hominurn
455 789 652 867 undeviginti,
668 808 794 890 quorum
807 790 865 852 duo
878 790 1023 872 postulata

72 871 162 944 luere,
175 891 275 942 unum,
288 880 320 933 ιιι
332 873 434 934 militia
446 883 590 943 vacarent.
607 873 700 935 dum'
691 892 722 934 in
738 893 773 934 eo
787 874 906 954 publico
918 884 1025 946 essent,
1037 885 1052 932 2

74 955 211 1026 alterurn,
229 967 274 1027 ut,
285 961 365 1056 ’quae
378 958 410 1016 in
425 975 512 1018 nares
526 959 736 1036 inposuissent,
754 957 791 1018 ab
807 958 935 1021 hostium
951 968 1024 1020 tern-

73 1041 249 1120 pestatisque
267 1043 294 1100 vi
313 1039 430 1120 publico
447 1040 579 1121 periculo
595 1051 701 1102 essent.
738 1050 863 1122 utroque
878 1046 1051 1122 inpetratoa

73 1123 288 1195 conduxerunt,
309 1127 479 1204 privataque
500 1127 625 1204 pecunia
639 1144 688 1186 res
702 1124 818 1205 publica
840 1128 1025 1190 administra·

72 1215 136 1268 tast.
161 1209 184 1268 ii
197 1227 296 1270 mores
312 1227 403 1288 eaque
420 1211 525 1270 caritas
538 1211 649 1288 patriae
665 1227 718 1287 per
729 1227 832 1270 omnes
846 1213 965 1272 ordines
977 1229 1025 1272 ve-

71 1289 112 1351 lut
128 1300 231 1352 tenore
246 1311 305 1353 uno
319 1292 495 1372 pertinebat.
528 1311 613 1372 quem
627 1293 792 1356 admodum
805 1296 1052 1357 conductam-r

71 1377 118 1434 nia
132 1394 239 1455 magno
251 1377 348 1436 aninro
363 1384 443 1446 sunt,
462 1379 627 1438 sicsumma
638 1377 694 1437 tide
711 1378 863 1457 praebita,
879 1397 934 1440 nec
945 1381 1025 1458 quic·

71 1477 156 1536 quam
166 1465 293 1536 parcius
303 1464 440 1522 militibus
453 1463 555 1522 datum
565 1478 654 1537 paam
663 1463 688 1521 si
700 1481 735 1523 ex
748 1462 886 1542 opulento
901 1464 1024 1533 aerario,

72 1550 103 1602 ut
116 1545 284 1622 quondam,
300 1542 457 1606 alerentur.

130 1628 201 1690 Cum
219 1631 250 1690 hi
262 1637 441 1691 commeatus
453 1637 611 1700 venerunt,
627 1628 739 1708 Iliturgi
751 1632 890 1710 oppidum
906 1631 943 1691 ab
953 1633 1052 1692 Has·5

72 1711 192 1772 drubale
210 1731 245 1774 ac
259 1713 382 1789 Magone
402 1721 431 1774 et
444 1712 608 1774 Hannibale
621 1713 793 1775 bomilcaris
814 1715 873 1777 lilio
892 1714 929 1775 ob
946 1715 1025 1774 dele·

72 1797 196 1857 ctionem
213 1795 250 1858 ad
265 1797 411 1858 Romanos
427 1795 661 1876 oppugnabatur.
697 1799 773 1859 inter
791 1799 864 1859 haec
885 1801 962 1859 trina
978 1804 1055 1858 cad

72 1886 130 1939 stra
143 1880 272 1941 hostiurn
285 1882 437 1960 Scipiones
449 1899 515 1940 cum
527 1885 559 1943 in
570 1882 673 1942 urbem
686 1885 832 1942 sociorum
843 1900 950 1960 magno
962 1901 1026 1942 eer-

73 1965 180 2025 tamine
200 1983 235 2026 ae
256 1970 352 2042 strage
376 1964 578 2027 obsistentium
597 1966 812 2044 pervenissent,
837 1967 1026 2034 trumentum,

73 2049 153 2109 ouius
166 2049 267 2128 inopia
282 2056 358 2118 erat,
375 2049 567 2118 advexerunt:
585 2049 786 2128 cohortatique
801 2049 976 2129 oppidanos,
993 2057 1053 2109 ut7

74 2132 176 2194 eodem
191 2134 290 2194 animo
305 2135 421 2193 moenia
438 2139 618 2203 tutarentur,
643 2151 700 2212 quo
721 2151 774 2212 pro
795 2152 826 2193 se
848 2140 1026 2211 pugnantem

73 2217 238 2278 Romanum
264 2220 424 2277 exercituin
447 2215 598 2287 vidissent,
623 2216 659 2276 ad
680 2224 774 2276 castra
792 2219 920 2278 maxima
933 2236 1025 2296 oppu-

73 2301 203 2378 gnanda,
227 2300 333 2380 quibus
353 2301 517 2363 Hasdrubal
537 2308 687 2381 praeerat,
710 2300 829 2362 ducunt.
874 2301 977 2361 eodem
999 2307 1055 2360 ets

73 2384 128 2444 duo
154 2385 244 2445 duces
267 2392 296 2445 et
316 2385 373 2447 duo
395 2387 540 2446 exercitus
562 2385 859 2460 Carthaginiensium,
890 2385 932 2445 ibi
963 2375 1029 2445 rem'

73 2487 215 2530 surnmam
233 2470 279 2548 agi
294 2477 463 2540 cernentes
486 2476 694 2530 convenerunt.
727 2469 824 2548 itaque
840 2470 1004 2566 eruptione
1011 2473 1054 2526 eti

74 2555 176 2613 castris
199 2555 360 2632 pugnatum
377 2562 429 2616 est.
465 2557 615 2632 sexaginta
638 2552 712 2611 host
692 2558 764 2611 trum
785 2551 863 2612 milia
879 2571 913 2613 eo
929 2552 1004 2612 die
996 2569 1026 2610 ιιι

75 2654 170 2713 pugna
181 2639 308 2706 luerunt,
321 2638 449 2698 sedecim
461 2639 568 2698 circae
579 2636 736 2698 Romanis:
751 2645 849 2697 tamen
862 2636 934 2696 adeo
946 2633 1023 2695 haud
1037 2641 1069 2691 10

75 2718 160 2779 dubia
172 2723 291 2781 victoria
303 2722 370 2790 luit,
386 2731 418 2782 ut
429 2721 528 2801 plures
540 2739 678 2789 nurnero,
692 2738 778 2798 quarn
790 2721 844 2798 ipsi
857 2728 955 2788 erant,
970 2721 1026 2778 llo-

75 2805 154 2862 rnani
168 2804 294 2866 hostium
313 2805 488 2874 occiderint,
511 2806 644 2883 ceperint
664 2804 787 2882 amplius
810 2805 864 2864 trra
880 2803 959 2864 milia
973 2803 1024 2862 ho-
1039 2810 1066 2858 tl

75 2887 202 2956 minum,
220 2887 307 2966 paulo
322 2891 418 2958 minus
433 2888 513 2950 mille
529 2907 687 2975 equorum,
706 2889 934 2966 undesexaginta
950 2885 1025 2946 mili·

76 2971 148 3028 taria
169 2972 266 3046 signa,
294 2982 406 3052 septem
428 2972 611 3070 elephantos,
641 2974 769 3049 quinque
792 2974 822 3031 in
843 2969 955 3051 proelio
979 2987 1027 3028 oc-

75 3053 159 3119 cisis3
182 3053 322 3132 trinisque
345 3058 438 3116 eodie
453 3059 555 3116 castris
575 3055 659 3132 potiti
674 3063 750 3114 sunt.
781 3055 894 3130 Iliturgi
916 3052 1069 3112 absidi-12

76 3153 132 3194 one
146 3133 270 3196 liberato
282 3138 317 3197 ad
329 3138 437 3197 lntibili
453 3136 679 3235 oppugnandum
692 3137 794 3197 Punici
808 3139 953 3197 exercitus
969 3147 1027 3197 tra-

76 3217 156 3278 ducti
174 3221 316 3296 suppletis
336 3224 428 3300 copiis
444 3240 479 3282 ex
501 3222 664 3300 provincia,
689 3229 721 3279 ιιι
735 3239 810 3299 quae
826 3223 950 3281 maxime
965 3239 1027 3280 orn·

76 3303 173 3371 niurn,
189 3301 259 3364 belli
274 3305 369 3373 avida,
386 3305 473 3365 inodo
489 3305 596 3384 praeda
613 3313 663 3363 aut
677 3322 792 3364 merces
807 3317 898 3373 esset,
921 3311 951 3362 et
966 3316 1025 3363 turn

75 3388 224 3447 iuventute
237 3389 412 3450 abundante.
438 3391 544 3450 iterum
556 3389 647 3468 signis
659 3386 781 3447 conlatis
793 3389 894 3448 eadem
909 3388 1024 3447 fortuna
1037 3393 1069 3445 1³

121 3501 145 3536 r.
164 3502 228 3538 crvr
245 3504 314 3540 runs
333 3504 365 3540 ιι.
784 3477 824 3536 24
