2546 3936
289 187 384 234 nram
399 191 444 234 nx.
461 191 531 234 oue.
546 180 589 232 41.
606 183 648 232 4².
668 169 708 254 [o.
723 175 758 236 G.
774 174 912 258 δοῦ-306]
1020 183 1081 246 141

116 357 183 407 res:
205 337 386 402 umbonibus
406 340 582 420 incussaque
603 339 647 402 ala
675 349 847 403 sternuntur
869 343 978 406 hostes.
1014 343 1125 423 pluslt

117 425 234 502 eapitur
255 423 407 484 bominum
429 444 515 503 quam
540 427 684 496 caeditur,
709 433 796 506 atque
816 446 874 488 una
894 447 949 490 vox
970 446 1081 507 ponere

26 583 28 598 ᾗ
116 525 201 568 arma
227 506 391 569 iubentium
416 518 587 588 pertatem
614 511 709 572 icrtrtr
734 513 837 572 aciem.
879 513 977 590 itaque
1000 515 1124 572 intertt

25 611 28 662 i
114 591 215 670 ipsum
228 601 379 652 certamen
393 593 469 653 lacta
482 593 591 656 deditio
602 604 646 656 est
661 596 798 674 oprimis
812 595 981 655 auctoribus
996 594 1080 664 belli:

113 683 236 752 postero
258 676 537 757 insequentibusque
551 679 654 739 diebus
670 687 699 740 et
714 680 806 741 ceteri
824 679 1003 740 Umbrorum
1026 698 1081 758 po·

113 758 177 838 puli
196 759 359 822 deduntur:
375 760 524 823 Oriculani
543 765 702 842 sponsione
722 765 753 824 in
773 764 932 823 amicitiam
956 763 1080 842 accepti.

177 843 264 904 XLll.
313 844 436 915 Fabius,
462 845 575 908 alienae
600 850 689 910 sortis
714 848 807 907 victor
827 846 913 916 belli,
938 848 968 906 in
995 853 1105 908 suaml

111 931 297 1009 provinciam
314 931 476 990 exercitum
493 931 619 992 reduxit.
643 934 742 1011 itaque
758 932 786 991 ei
802 930 841 991 ob
862 949 910 990 res
936 938 996 992 tam
1017 929 1111 990 leli-2

113 1015 188 1075 citer
203 1023 315 1091 gestas,
333 1014 410 1074 sicut
422 1016 523 1093 priore
541 1033 618 1075 anno
630 1015 757 1095 populus
771 1017 994 1076 continuaverat
1008 1032 1079 1074 con·

111 1096 257 1167 sulatum,
275 1099 315 1157 ita
324 1105 443 1158 senatus
457 1099 487 1159 in
500 1099 704 1176 insequentem
717 1117 842 1168 annum,
859 1119 918 1178 quo
927 1099 980 1177 Ap.
994 1095 1079 1160 Clau·

112 1180 178 1242 dius
199 1182 233 1242 L.
253 1180 426 1242 Volumnius
448 1182 584 1243 consules
604 1182 740 1253 luerunt,
762 1184 933 1262 prorogavit
953 1183 1079 1242 maxime

110 1266 207 1344 Appio
233 1265 406 1326 adversante
431 1267 598 1343 imperium.
633 1263 760 1345 Appium
788 1283 944 1324 censorem
970 1267 1107 1342 petisset

112 1348 313 1418 consulatum,
334 1350 511 1427 comitiaque
537 1350 600 1408 eius
622 1348 658 1408 ab
679 1350 712 1410 L.
730 1348 819 1408 Furio
841 1347 961 1408 tribuno
984 1347 1080 1424 plebis

112 1431 316 1510 interpellata,
344 1430 439 1492 donec
464 1449 497 1492 se
519 1449 643 1492 censura
666 1431 824 1502 abdicarit,
850 1432 882 1490 in
904 1429 1079 1506 quibusdam

112 1516 269 1576 annalibus
288 1516 415 1576 invenio.
452 1524 569 1576 creatus
590 1514 706 1584 consul,
732 1533 800 1575 cum
821 1513 950 1591 collegae
970 1522 1108 1574 novumn

113 1597 225 1661 bellum
239 1598 394 1660 Sallentini
408 1599 508 1660 hostes
520 1600 767 1668 decernerentur,
784 1599 895 1658 Romae
907 1598 1029 1667 mansit,
1046 1604 1085 1659 ut·

112 1681 235 1744 tubanis
257 1682 370 1744 artibus
394 1701 466 1762 opes
486 1691 623 1761 augeret,
645 1683 763 1763 quando
784 1681 855 1743 belli
875 1683 965 1742 decus
985 1699 1078 1762 penes

109 1766 186 1828 alios
200 1773 286 1827 esset.
318 1764 505 1829 Volumnium
522 1770 690 1845 provinciae
706 1765 785 1828 haud
806 1769 964 1846 paenituit:
985 1765 1106 1826 multat

111 1851 244 1912 secunda
256 1849 367 1928 proelia
378 1850 461 1918 lecit,
474 1850 585 1929 aliquot
595 1852 684 1911 urbes
698 1852 826 1912 hostium
839 1853 867 1910 vi
877 1853 964 1928 cepit.
990 1867 1077 1928 prae·

112 1936 167 1994 dae
185 1942 249 2010 erat
264 1934 388 2011 largitor
404 1942 435 1994 et
453 1934 664 2012 benignitatem
684 1952 788 2014 perse
809 1941 923 2011 gratam
941 1935 1078 1995 comitate

109 2017 283 2087 adiurabat,
307 2016 487 2096 militemque
510 2019 556 2078 bis
581 2019 695 2080 artibus
717 2019 829 2078 iecerat
849 2025 879 2077 et
900 2015 1026 2095 periculi
1048 2024 1078 2077 et

17 2179 18 2182 Ἴ
110 2100 223 2164 laboris
242 2100 367 2162 andum.
396 2101 430 2172 Q.
447 2102 555 2162 Fabius
578 2120 634 2180 pro
657 2100 777 2162 consule
795 2100 831 2160 ad
852 2099 958 2161 urbem
974 2098 1106 2162 illliiasu

111 2203 181 2245 cum
200 2186 375 2246 Samnitium
391 2187 523 2246 exercitu
538 2187 629 2263 signis
646 2184 770 2246 conlatis
784 2184 926 2262 confligit
955 2184 1077 2244 minime

112 2267 252 2345 ambigua
275 2286 325 2330 res
352 2269 422 2329 luit:
450 2268 507 2330 iusi
533 2269 632 2330 hostes
652 2276 740 2348 atque
762 2271 793 2328 in
816 2276 910 2336 castra
932 2265 1077 2344 conpulsi.

112 2369 171 2412 nec
194 2361 289 2412 castra
309 2353 411 2414 forent
430 2361 562 2424 retenta,
585 2354 616 2414 ni
639 2354 776 2428 exiguum
793 2350 987 2428 superfuisset
1003 2349 1077 2418 diei;

112 2443 182 2497 ante
206 2445 324 2498 noctem
340 2444 440 2497 tamen
460 2445 529 2497 sunt
550 2438 744 2497 circumsessa
767 2443 797 2496 et
816 2441 902 2494 nocte
923 2431 1076 2502 custodita,

113 2538 152 2580 ne
170 2522 236 2598 quis
250 2519 327 2580 elabi
342 2527 454 2599 posset.
483 2528 603 2600 postero
619 2520 667 2581 die
683 2519 800 2580 undum
816 2518 882 2578 luce
898 2524 977 2576 certa
997 2516 1106 2576 dedi-r

114 2606 156 2664 tio
176 2605 242 2664 lieri
257 2610 376 2682 coepta,
400 2611 430 2664 et
450 2606 543 2684 pacti,
566 2607 616 2683 qui
633 2605 807 2666 Samnitium
823 2604 936 2670 forent,
961 2609 994 2660 ut
1009 2618 1077 2661 cum

114 2687 238 2765 singulis
264 2689 444 2748 vestimentis
468 2690 688 2750 emitterentur:
720 2689 742 2746 ii
766 2705 870 2748 omnes
895 2684 949 2746 sub
975 2686 1105 2762 iugum8

116 2773 208 2832 missi.
242 2772 331 2832 sociis
352 2771 528 2832 Samnitium
549 2772 624 2832 nibil
644 2779 777 2840 cautum;
804 2770 840 2831 ad
861 2777 975 2848 septem
995 2769 1077 2831 milia

115 2855 169 2916 sub
187 2873 297 2916 corona
309 2856 436 2916 veniere.
462 2858 559 2935 quise
574 2856 829 2917 civemllernicum
848 2853 975 2924 dixerat,
992 2873 1075 2916 seor·

105 2956 165 3000 sus
185 2940 221 2998 in
245 2939 377 2998 custodia
402 2939 528 3001 habitus.
578 2959 629 3000 eos
649 2959 753 3002 omnes
771 2940 878 3002 Fabius
898 2939 1022 2999 Romam
1040 2936 1106 2998 adt

115 3030 250 3084 senatum
272 3025 364 3091 misit:
386 3030 416 3082 et
444 3043 511 3084 cum
539 3027 703 3103 quaesitum
725 3033 815 3094 esset,
838 3023 944 3083 dilectu
967 3040 1006 3080 an
1026 3037 1077 3079 vo·

109 3108 236 3168 vtuntarii
255 3124 309 3185 pro
325 3107 503 3167 Samnitibus
517 3109 655 3168 adversus
668 3109 815 3167 llomanos
832 3106 1005 3172 bellassent,
1023 3120 1078 3181 per

115 3189 236 3252 Latinos
248 3190 372 3270 populos
382 3190 565 3250 custodiendi
577 3190 695 3259 dantur,
710 3191 839 3268 iussique
851 3207 914 3248 eam
930 3189 1074 3262 integram
1087 3191 1120 3244 10

116 3291 182 3353 rein
206 3275 273 3334 novi
296 3273 432 3334 consules
450 3275 481 3333 P.
497 3272 649 3333 Cornelius
671 3273 778 3332 Arvina
801 3272 834 3342 Ο.
856 3271 981 3330 blareins
1003 3268 1077 3328 Tre·

117 3357 216 3419 mullus
235 3391 273 3402 —
290 3358 320 3418 hi
336 3359 413 3416 enim
427 3358 483 3416 iam
498 3357 587 3414 creati
604 3364 742 3415 erant-
757 3355 793 3414 ad
809 3361 940 3414 senatum
954 3351 1076 3414 referre.

107 3439 151 3502 -td
165 3459 254 3518 aegre
267 3442 347 3519 passi
360 3441 493 3513 llernici,
511 3439 666 3500 concillum
688 3438 865 3519 populorum
879 3438 1010 3498 onmium
1026 3437 1077 3498 ba·
1088 3442 1119 3495 tt
