2546 3936
179 285 181 289 ,
207 199 268 278 124
361 231 455 273 niente
468 233 511 273 rx.
528 217 710 273 333.2’1.38.
727 207 767 291 [a.
783 231 814 270 n.
830 231 856 270 3.
871 205 1007 286 440-443]

206 397 295 458 eques
315 381 347 438 in
366 397 494 458 pugnam
516 378 658 440 succedit.
705 379 735 436 in
760 377 840 437 hunc
857 383 1026 435 transverso
1048 375 1169 452 agmine

103 508 105 512 a
149 511 152 516 .
204 463 283 530 133133
299 462 369 521 duas
384 465 460 522 acies
473 481 504 536 33
518 465 696 523 inserentem
712 461 861 520 Romanus
876 460 1170 538 equitatus-concitat

207 565 297 626 equos
313 548 453 625 signaque
469 555 498 607 et
515 547 633 608 ordines
647 545 779 624 peditum
798 550 885 622 atque
897 545 1027 622 equitum
1040 543 1169 602 conlun-

165 636 194 689 11
207 630 257 699 dit,
271 631 364 689 donec
375 631 542 691 universam
555 630 591 690 ab
604 647 637 688 ea
649 634 732 707 parte
745 628 957 706 avertitaciem.
980 628 1012 685 in
1025 644 1059 685 eo
1072 645 1170 687 cornu
1256 693 1257 696 Ἴ

75 708 78 716 ’
158 718 264 773 'non
279 713 425 774 Poetelius
440 714 519 775 solus
540 713 592 774 sed
607 712 752 790 Sulpicius
768 700 855 771 etiam
871 711 1005 770 hortator
1021 711 1168 781 adfuerat,
1256 709 1257 742 ³

206 805 322 858 avectus
337 798 373 857 313
389 800 448 858 suis
459 789 589 858 nondum
602 793 825 854 conserentibus
835 813 940 854 manus
955 793 991 853 ad
1004 793 1169 854 clamorem

169 888 223 942 lta
237 883 355 942 sinistra
369 889 453 960 parte
469 883 551 958 prius
567 886 708 939 exortum.
741 879 819 938 unde
840 878 918 938 haud
935 878 1054 938 dubiam
1074 879 1169 937 victo·

204 967 279 1025 riam
296 981 421 1024 cernens
436 972 504 1023 cunt
519 963 555 1022 ad
571 981 655 1022 suum
672 980 765 1022 cornu
780 961 915 1022 tenderet
931 963 1002 1022 oum*
1012 960 1169 1022 mille-du·

206 1055 272 1107 cent
273 1049 298 1106 is
309 1048 394 1113 viris,
409 1045 579 1106 dissimilem
591 1045 632 1106 ibi
645 1046 798 1110 fortunam
802 1047 926 1116 invenit,
938 1045 1088 1106 Romanos
1100 1044 1169 1106 loco

204 1129 319 1207 pulsos,
347 1131 489 1190 victorem
510 1131 625 1189 hostem
645 1130 728 1207 signa
749 1131 792 1190 in
801 1129 953 1208 perculsos
976 1127 1107 1207 1331333331
1094 1137 1169 1191 tem

164 1221 341 1274 lecatorum
364 1215 460 1273 omnia
482 1215 603 1274 mutavit
624 1212 1070 1291 333333313133333311333133331333
1098 1231 1169 1288 nam

207 1305 241 1358 31
251 1303 410 1376 conspectu
425 1299 507 1358 ducis
526 1298 654 1357 relectus
668 1295 794 1356 militum
811 1297 999 1362 3313313333
1022 1304 1052 1356 31
1073 1298 1169 1356 maius

206 1399 293 1460 quarn
305 1398 360 1459 pro
376 1399 500 1442 numero
516 1379 655 1441 auxilium
671 1380 850 1453 advenerant
865 1378 992 1439 lortes'
966 1381 1036 1448 viri,
1052 1386 1167 1458 313333-

205 1464 380 1526 tisalterins
395 1466 517 1530 31313313
534 1463 647 1533 audita,
668 1483 737 1523 mox
751 1465 808 1522 risa
825 1464 928 1532 etiam,
953 1461 1099 1544 proelium
1119 1473 1167 1522 re·

164 1551 310 1608 1431111111.
336 1556 404 1608 ,tota
421 1548 527 1608 deinde
543 1549 601 1606 iam
616 1549 732 1606 vincere
748 1548 810 1606 acie
828 1546 992 1615 Romaene,
1018 1553 1046 1606 et
1058 1548 1168 1607 omisso

207 1633 367 1691 certamine
384 1632 465 1690 caedi
488 1631 610 1710 capique
626 1631 787 1700 Samnites,
811 1631 867 1690 nisi
893 1631 942 1708 qni
959 1629 1167 1700 Maleventum,

207 1715 255 1773 cul
274 1731 353 1772 nunc
375 1713 442 1773 urbi
460 1713 661 1772 Beneventum
677 1731 792 1774 nomen
812 1721 870 1784 est,
893 1713 1097 1791 perfugerant.
1131 1713 1168 1774 ad

206 1797 326 1873 triginta
341 1795 422 1856 milla
436 1813 521 1856 caesa
537 1794 585 1856 aut
603 1804 686 1875 capta
698 1797 873 1857 Samnitium
888 1797 1038 1876 proditum
1053 1791 1168 1857 memo·

207 1881 338 1940 3133331.

180 1971 211 2021 l*
269 1963 393 2024 XXVIII.
437 1962 578 2024 Consules
608 1965 725 2042 egregia
754 1964 876 2023 31313313
915 1970 998 2044 parta
1032 1966 1169 2043 protinus

178 2047 273 2106 tinde
290 2047 326 2106 ad
341 2048 504 2107 BovIanum
520 2047 749 2127 oppugnandum
771 2041 902 2124 legiones
918 2048 1044 2116 ducunt;
1068 2047 1170 2127 ibique

208 2131 330 2190 hiberna
344 2139 476 2208 egerunt,
490 2131 584 2192 donec
594 2132 629 2190 ab
642 2134 724 2192 333313
737 2130 914 2201 consulibus,
926 2131 958 2212 Β..
966 2132 1085 2210 Papirio
1095 2133 1168 2193 Cur·
1206 2145 1209 2150 ·

131 2252 134 2255 <
208 2232 275 2275 sore
290 2216 422 2294 quintum
436 2216 466 2276 C.
480 2210 562 2275 Iunio
575 2215 713 2276 Bubulco
721 2217 843 2285 iterum,
859 2217 1026 2276 nominatus
1043 2215 1169 2288 dictator

208 2299 238 2360 C.
262 2298 408 2359 PoeteIIus
430 2317 496 2359 cum
516 2299 555 2359 M.
569 2299 669 2360 Ι133113
690 2301 831 2378 magistro
854 2301 983 2378 equitum
1005 2301 1169 2360 exercitum

179 2384 328 2461 33333311.
361 2383 386 2440 13
402 2401 468 2442 cnm
486 2383 614 2443 audisset
637 2401 736 2444 arcem
755 2381 958 2460 Fregellanam
976 2382 1011 2443 ab
1027 2383 1169 2444 Samnlti-

207 2465 262 2526 bus
286 2472 414 2544 captam,
438 2468 546 2526 omisso
568 2468 696 2526 Boviano
717 2467 752 2527 ad
775 2464 924 2544 Fregellas
945 2469 1052 2544 pergit.
1089 2467 1169 2528 unde
1233 2503 1257 2514 =

208 2558 353 2610 nocturna
369 2551 544 2610 Samnitium
566 2551 634 2628 luga
650 2551 713 2609 sine
729 2552 890 2610 certamine
905 2553 1031 2627 receptis
1047 2550 1168 2628 Fregel·
1256 2619 1257 2624 1

206 2632 242 2693 lis
269 2633 475 2713 praesidioque
501 2633 596 2693 valido
621 2635 749 2712 inposito
774 2637 805 2693 in
830 2634 1019 2713 Campaniam
1040 2635 1169 2694 reditum
1256 2661 1257 2674 2

95 2772 96 2776 ,
180 2719 335 2794 4333313333
351 2716 387 2776 ad
402 2716 505 2777 Nolam
522 2720 612 2779 armis
626 2717 826 2796 repetendam.
859 2736 941 2778 cose
959 2719 1037 2777 Intra
1053 2719 1168 2778 moenia

209 2799 263 2859 sub
280 2800 434 2859 adrenmm
452 2801 602 2861 dictatoris
619 2809 648 2862 et
665 2802 840 2862 Samnitium
854 2803 951 2862 omnis
965 2801 1122 2862 multitudo
1140 2809 1169 2862 31

180 2881 314 2943 51131331
337 2891 467 2958 agrestes
488 2884 681 2946 contulerant.
717 2885 842 2952 dictator
861 2885 945 2946 3331313
968 2886 1025 2946 situ
1042 2886 1167 2946 circum-

209 2977 326 3045 specto,
347 2982 405 3044 quo
421 2969 549 3045 apertior
564 2968 658 3028 aditus
675 2969 711 3029 ad
728 2971 844 3030 moenia
860 2977 952 3038 esset,
975 2971 1073 3030 omnia
1087 2969 1167 3030 aedi·
1256 3013 1257 3048 p

208 3051 323 3110 ficta*
338 3059 368 3109 et
382 3049 551 3128 frequenter
566 3051 607 3111 ibi
619 3052 859 3113 habitabatnr-
876 3054 1065 3127 circumiecta
1076 3055 1167 3113 muris
1256 3102 1257 3120 ,

208 3134 348 3194 incendit.
376 3151 429 3194 nec
444 3137 484 3194 ita
503 3135 596 3198 multo
611 3144 678 3215 post
699 3139 759 3198 sive
774 3155 791 3197 a
804 3137 934 3198 Poetelio
951 3122 1131 3198 dictatore
1108 3155 1166 3196 sive
1256 3135 1257 3200 l

208 3217 298 3279 abC.
320 3218 402 3278 Iunio
424 3219 606 3278 consulo-
563 3239 695 3281 -nam
718 3227 875 3299 utrumque
896 3221 1079 3282 133311133-
1094 3219 1167 3281 Nola

181 3305 450 3380 3331333133131
472 3311 573 3382 captae
589 3303 678 3364 decus
693 3303 785 3366 Nolae
806 3305 843 3364 ad
865 3304 1015 3364 consulem
1036 3303 1165 3373 trahunt

209 3383 339 3443 adiciunt
352 3385 466 3445 Atinam
482 3393 511 3445 ct
527 3387 665 3447 Calatiam
684 3388 720 3447 ab
742 3387 846 3448 eodem
867 3407 899 3447 33
901 3397 982 3467 3133
1004 3386 1166 3448 Poetelium
1256 3451 1257 3456 ,

180 3471 306 3524 autern
319 3409 1257 3547 33311133113331331331[13331133333313313133333331131333.’
