2538 3946
371 173 466 216 nmen
479 177 510 216 x.
526 171 593 216 cnr.
609 159 650 213 89.
665 149 705 236 [a.
721 155 756 216 O.
771 153 833 238 293]
1021 163 1080 225 191

126 329 212 402 atque
228 322 401 400 octingenti,
417 327 500 400 capta
514 327 652 400 quattuor
666 319 746 382 milia
757 318 875 382 ducenti
888 324 1080 403 septuaginta

124 405 258 486 Papirius
282 422 358 464 novo
384 406 514 465 exercitu
533 436 576 448 -
602 405 642 463 ita
670 405 749 464 enim
775 403 927 466 decretum
954 415 1017 468 erat
1041 413 1115 465 -t

124 492 234 570 scripto
244 488 404 548 Duroniam
418 487 524 548 urbem
539 488 723 566 expugnavit.
753 488 851 549 minus
866 507 954 569 quam
970 490 1081 569 collega

124 575 202 651 cepit
215 573 383 642 hominum,
406 570 473 651 plus
495 571 642 650 eliquanto
663 572 785 642 occidit3
809 572 919 653 praeda
941 572 1079 652 opulenta

123 655 282 735 utrubique
302 662 347 716 cst
366 665 459 736 parta.
501 655 570 716 inde
594 657 744 734 pervagati
764 657 915 718 Samnium
937 657 1113 728 consuleso

123 740 249 800 maxime
265 739 441 819 depopulato
457 741 571 802 Atinate
589 757 675 817 agro,
698 739 839 800 Carvilius
853 739 890 800 ed
903 742 1080 816 dominium,

122 823 258 903 Papirius
273 825 310 884 ad
323 824 523 903 Aquiloniam,
547 823 598 884 ubi
620 841 735 884 summa
754 825 985 885 reiSamnitium
1008 831 1080 896 erat,

121 908 265 986 pervenit.
301 907 343 968 ibi
363 906 542 988 aliquamdiu
563 925 619 967 nec
635 916 780 969 cessatum
797 907 834 969 ab
850 911 939 970 armis
964 916 1008 970 cst
1028 915 1114 969 ne-tt

122 1009 180 1070 que
200 992 313 1052 naviter
332 1001 510 1071 pugnatum;
537 990 708 1052 lacessendo
729 993 857 1072 quietos,
877 993 1082 1054 resistentibus

122 1074 255 1136 cedendo
270 1076 535 1154 comminandoque
556 1076 649 1151 magis
668 1093 757 1153 quam
778 1075 934 1137 inferendo
953 1094 1082 1155 pugnem

122 1157 185 1221 dies
196 1158 415 1221 absumebatur.
435 1156 1081 1239 quodcum*incipereturremittereturque,

121 1243 254 1304 omnium
271 1259 372 1303 rerum
394 1243 482 1302 etiem
502 1258 659 1321 parvarum
682 1249 803 1302 eventus
824 1242 1033 1320 proferebatur
1052 1246 1112 1303 int

122 1326 194 1386 dies.
228 1324 319 1386 altera
344 1325 476 1384 lfomana
499 1332 608 1393 castra,
633 1340 708 1403 quae
728 1325 831 1402 viginti
851 1324 965 1386 milium
987 1329 1082 1405 spatio

121 1408 260 1478 aberant,
287 1415 317 1469 et
337 1407 466 1468 absentis
487 1407 617 1486 collegae
638 1406 759 1468 consilia
781 1407 918 1470 omnibus
944 1409 1083 1486 gerendis

120 1493 286 1554 intererant
296 1489 400 1560 rebus,
425 1492 624 1570 intentiorque
642 1491 798 1561 Carvilius,
818 1511 877 1572 quo
895 1493 1008 1553 maiore
1022 1493 1082 1553 dis-

122 1577 246 1636 crimine
258 1593 307 1638 res
317 1573 503 1646 vertebatur,
519 1577 550 1635 in
559 1575 745 1655 Aquiloniam
758 1575 894 1655 quemad
906 1577 1080 1646 Cominium,

120 1658 200 1740 quod
221 1658 390 1729 obsidebat,
412 1666 485 1721 erat
535 1660 569 1720 L.
590 1659 738 1739 Papirius,
764 1661 823 1720 iam
848 1662 1019 1741 peremnia
1045 1661 1112 1721 ads

121 1743 320 1804 dimicandum
332 1744 402 1804 satis
416 1750 552 1822 paratus,
567 1745 703 1804 nuntium
717 1743 752 1804 ad
766 1742 908 1822 collegam
920 1747 1010 1806 mittit
1026 1745 1082 1806 sibi

120 1829 153 1887 in
170 1829 269 1887 animo
284 1844 362 1896 esse,
378 1834 498 1906 postero
515 1827 576 1898 die,
594 1829 619 1887 si
633 1845 689 1906 per
699 1828 828 1906 auspicia
843 1826 961 1897 liceret,
978 1829 1081 1888 conili-

121 1928 193 1990 gere
210 1929 277 1970 cum
291 1909 391 1978 hoste;
414 1929 488 1990 opus
509 1929 575 1971 esse
596 1917 626 1972 et
643 1909 741 1980 illum,
761 1917 871 1990 quanta
892 1929 1030 1971 maxuma
1055 1913 1112 1970 vit)

119 2000 236 2075 posset,
252 1993 417 2055 Cominium
433 2012 620 2072 oppugnare,
636 2011 674 2052 ue
690 1992 760 2071 quid
774 1993 932 2054 laxamenti
945 1995 983 2054 sit
999 1995 1081 2054 Sam·

120 2076 231 2138 nitibus
248 2077 286 2139 ad
307 2077 436 2138 subsidia
451 2077 635 2155 Aquiloniam
655 2075 807 2136 mittenda.
854 2074 933 2137 diem
954 2075 990 2138 ad
1010 2096 1080 2156 pro·
1092 2084 1124 2137 lt

119 2160 312 2222 ficiscendum
327 2161 448 2220 nuntius
461 2159 577 2227 habuit;
594 2166 680 2220 nocte
693 2159 794 2231 rediit,
811 2159 977 2238 adprobare
993 2161 1081 2220 colle-

120 2262 188 2322 gam
209 2243 342 2304 consulta
361 2242 504 2302 referens.
547 2243 682 2320 Papirius
699 2244 810 2304 nuntio
824 2244 914 2303 misso
932 2243 1079 2323 extemplo
1091 2250 1122 2301 11

2 2360 5 2369 ·
121 2328 289 2388 contionem
301 2325 405 2386 habuit
417 2345 425 2394 ;
439 2326 531 2387 multa
546 2327 583 2386 de
603 2326 751 2387 universo·
763 2343 873 2405 genere
887 2324 970 2398 belli,
991 2327 1082 2388 multe

121 2410 158 2471 de
172 2410 323 2490 praesenti
341 2410 470 2471 hostium
487 2416 644 2490 apparatu,
667 2425 740 2470 vana
760 2410 853 2489 magis
873 2411 973 2489 speeie
993 2429 1080 2490 quam

121 2495 233 2556 efficaci
248 2492 285 2554 ad
309 2501 460 2564 eventum,
483 2494 634 2555 disseruit:
656 2497 817 2554 nonenim
837 2493 1125 2554 cristesrulnera12

6 2652 7 2655 Ἴ
120 2579 233 2648 facere,
253 2585 284 2639 et
296 2596 350 2658 per
365 2579 443 2657 picta
457 2585 544 2657 atque
560 2585 661 2640 aurata
673 2584 755 2638 scuta
776 2578 902 2638 transire
916 2577 1081 2638 Romanum

119 2662 222 2744 pilum,
236 2662 401 2724 etcandore
412 2664 578 2722 tunicarum
590 2661 752 2741 fulgentem
762 2663 864 2732 aciem,
875 2660 927 2722 ubi
940 2679 989 2722 res
1000 2662 1080 2722 ferro

120 2755 257 2826 geratur,
273 2748 431 2808 cruentari.
464 2765 583 2808 auream
599 2745 668 2808 oiim
683 2753 771 2824 atque
781 2752 951 2825 argenteam
964 2745 1078 2806 Samni·
1091 2753 1124 2805 13

119 2833 193 2890 tium
209 2833 302 2892 aciem
317 2849 334 2891 a
348 2838 471 2910 parente
490 2849 543 2891 suo
559 2831 711 2891 occidione
722 2831 864 2901 occisam,
880 2828 1032 2910 spoliaque
1047 2848 1081 2890 ea

119 2913 290 2974 honestiore
308 2916 414 2975 victori
435 2916 513 2976 hosti
536 2933 624 2995 quam
645 2915 718 2993 ipsis
738 2933 820 2976 arma
838 2915 937 2977 fuisse.
976 2913 1124 2974 detumit
1151 2979 1161 2994 ⁶

119 2997 178 3057 hoc
192 2996 292 3056 forsan
307 3000 420 3057 nomini
434 2999 620 3077 familiaeque
636 3017 720 3068 suae,
736 3006 771 3058 ut
783 2997 922 3057 adversus
936 2997 1079 3055 maximos

121 3087 244 3141 conatus
261 3080 436 3140 Samnitium
453 3089 674 3160 opponerentur
693 3081 783 3141 duces
805 3079 957 3158 spoliaque
977 3096 1012 3139 ea
1030 3095 1079 3139 re-

120 3163 250 3233 ferrent,
271 3180 347 3241 quae
361 3164 487 3240 insignia
503 3163 629 3241 publicis
644 3162 820 3224 etiamlcois
838 3160 1014 3221 decorandis
1033 3177 1079 3220 es·

120 3254 196 3309 sent
220 3246 291 3307 deos
302 3245 472 3306 inmortales
480 3247 581 3306 edesse
593 3255 716 3324 propter
726 3248 835 3307 totiens
848 3246 938 3323 petita
947 3244 1075 3312 foedera,
1088 3251 1122 3302 lo

2 3312 6 3329 ³
120 3333 229 3392 totiens
245 3339 346 3410 rupta:
361 3338 439 3400 tum,
461 3331 486 3390 si
503 3349 560 3409 qua
581 3331 749 3390 coniectura
770 3329 878 3390 mentis
898 3327 1013 3388 divinae
1032 3330 1078 3399 sit,

120 3415 194 3478 nulli
216 3433 357 3496 umquam
377 3415 520 3476 exercitui
539 3414 629 3474 fuisse
643 3413 824 3486 infestiores,
841 3430 929 3493 quam
950 3413 1002 3493 qui
1026 3431 1077 3473 ue·
1091 3417 1126 3469 ic
