2542 3956
237 239 299 304 324
424 251 520 294 tmen
532 249 622 294 xxm.
641 247 710 292 etr.
728 233 755 289 6.
766 236 792 287 7.
808 224 847 308 [a.
861 249 893 289 u.
906 249 933 289 e.
946 225 1008 310 538]

237 399 351 478 legibus
372 400 517 468 lecturos,
541 414 638 474 neque
659 395 889 457 controversiam
910 394 990 465 lore,
1013 396 1104 474 quin,
1128 413 1190 457 etun

236 487 300 564 ipse
321 484 455 544 coniecto
475 479 552 541 bello
575 479 721 541 Hannibal
746 481 839 540 victor
862 479 894 538 in
917 477 1045 539 Africam
1072 478 1191 540 decedat

237 570 457 646 exercitumque
474 565 624 643 deportet,
643 563 741 626 ltaliae
760 563 918 642 imperium
933 561 1091 642 Campanis
1105 561 1190 622 reliu-

210 659 353 731 tquatur.
383 652 459 712 baec
472 649 568 709 Virrio
582 647 713 729 loquenti
725 646 841 708 adsensi
853 663 957 707 omues
967 648 1008 706 ita
1023 649 1191 708 renuntiant

237 735 428 814 legationem,
445 735 488 795 uti
501 731 627 794 deletum
644 730 780 793 omnibus
796 730 945 791 videretur
963 748 1074 790 nomeu
1089 730 1189 791 Roma·

210 829 317 880 anum.
350 818 495 898 extemplo
515 816 616 896 plebes
637 815 675 876 ad
690 814 884 876 delectionem
900 832 935 875 ac
953 831 1024 894 pars
1038 815 1137 876 maior
1150 831 1190 874 se·

212 910 325 966 inatus
345 910 492 982 spectare;
521 908 651 962 extracta
671 908 770 960 tamen
800 897 1023 960 auctoritatibus
1044 899 1190 960 seniorum

238 983 411 1067 perpaucos
424 985 485 1046 dies
497 992 609 1046 estres.
635 990 785 1063 postremo
800 984 890 1043 vineit
898 983 1042 1044 sententia
1057 982 1190 1061 plurium,

237 1079 272 1130 ut
284 1069 363 1130 idem
375 1069 477 1147 legati,
493 1069 543 1146 qui
555 1067 590 1128 ad
603 1066 754 1128 consulem
765 1066 931 1127 Romanum
940 1067 1051 1136 lerant,
1069 1065 1108 1127 ad
1119 1066 1189 1127 llan-

209 1152 365 1214 unitatem
387 1154 583 1213 mitterentur.
618 1170 677 1231 quo
698 1153 868 1230 priusquam
891 1150 997 1220 iretur,
1022 1157 1190 1229 certumque

237 1236 409 1298 deiectionis
423 1235 577 1297 consilium
593 1241 684 1305 esset,
699 1233 823 1295 Romam
836 1232 948 1314 legatos
958 1235 1067 1295 missos
1082 1253 1100 1294 a
1115 1232 1189 1294 Cam·

235 1321 320 1400 panis
332 1322 362 1380 in
375 1319 547 1399 quibusdam
563 1317 716 1380 annalibus
731 1319 846 1379 invenio
861 1317 1059 1398 postulantes,
1078 1325 1114 1379 ut
1125 1317 1190 1377 alter

238 1403 340 1466 consul
353 1405 517 1484 Campanus
526 1403 624 1474 lieret,
641 1403 665 1462 si
681 1420 745 1464 rem
756 1402 918 1463 Romanam
934 1402 1067 1464 adiuvari
1078 1401 1187 1462 vellent.

209 1497 223 1546 t
236 1489 437 1567 indignatione
449 1495 513 1549 orta
524 1486 716 1549 submoveria
728 1487 809 1547 curia
824 1488 919 1548 lussos
935 1505 999 1547 esse
1014 1487 1189 1564 missumque

237 1571 386 1642 lictorem,
402 1574 452 1651 qui
469 1591 504 1632 ex
521 1570 595 1632 urbe
611 1571 751 1631 educeret
773 1588 824 1631 eos
849 1578 936 1650 atque
956 1589 991 1632 eo
1010 1570 1058 1631 die
1076 1586 1189 1630 manere

210 1663 320 1715 textra
336 1656 403 1715 linis
416 1656 564 1716 llomanos
585 1654 711 1714 iuberet.
748 1655 815 1733 quia
836 1655 924 1715 nimis
941 1672 1054 1734 conpar
1077 1653 1188 1714 Latino-

236 1754 303 1798 rum
320 1738 468 1818 quondam
489 1738 646 1817 postulatio
664 1744 742 1806 erat,
760 1736 932 1818 Coeliusque
951 1748 982 1798 et
1001 1736 1051 1798 alii
1072 1737 1104 1798 ld
1120 1734 1188 1797 hand

236 1821 298 1880 siue
321 1839 408 1882 causa
427 1822 689 1900 praetermiserant
709 1823 879 1901 scriptores,
900 1840 1014 1902 ponere
1033 1839 1091 1900 pro
1116 1827 1187 1881 certo

236 1923 299 1965 sum
315 1905 432 1966 veritus.
1241 1917 1242 1969 t

209 1995 221 2044 t
296 1987 356 2050 Vll.
388 1988 491 2067 Legati
510 1986 547 2048 ad
568 1987 760 2050 Hannibalem
780 1995 924 2052 venerunt
941 2007 1109 2069 pacemque
1130 2005 1187 2049 cum

236 2091 271 2133 eo
284 2072 507 2133 condicionibus
517 2072 564 2132 bis
575 2072 722 2143 lecerunt,
740 2090 778 2134 ne
790 2075 855 2152 quis
867 2075 1028 2152 imperator
1039 2076 1187 2153 magistra·
1240 2143 1241 2148 γ

235 2162 317 2216 tusve
332 2154 500 2216 Poenorum
522 2157 568 2216 ius
584 2155 676 2218 ullum
700 2158 731 2216 in
752 2157 843 2216 civem
859 2158 1039 2236 Campanum
1061 2157 1187 2224 baberet,
1240 2165 1241 2168 ’

208 2247 308 2302 tuere
324 2240 394 2300 civis
409 2239 574 2319 Campanus
587 2241 694 2304 lnvitus
708 2239 848 2300 militaret
862 2257 1003 2300 munusve
1018 2240 1146 2310 iaceret3
1162 2245 1188 2299 ut

234 2342 305 2385 suae
321 2322 415 2403 leges,
430 2324 476 2383 sul
489 2324 676 2402 magistratus
693 2325 807 2403 Capuae
819 2330 930 2392 essent;
946 2330 980 2384 ut
993 2331 1146 2388 trecentos
1160 2340 1189 2383 ex

235 2405 375 2468 Romanis
389 2409 509 2486 captivis
523 2407 640 2488 Poenus
656 2407 740 2470 daret
750 2409 918 2486 Campanis,
931 2425 1005 2487 quos
1018 2409 1075 2487 ipsi
1090 2409 1187 2487 elegis·

236 2497 316 2563 sent,
344 2509 411 2552 cum
431 2490 537 2571 quibus
559 2494 688 2571 equitum
709 2492 940 2570 Campanorum,
966 2493 1016 2571 qui
1041 2494 1073 2552 iu
1094 2491 1188 2553 Sicilie

208 2575 379 2654 astipeudta
395 2576 541 2646 lacerent,
561 2577 741 2654 permutatio
756 2576 848 2636 fieret.
879 2575 1064 2655 baeopacta;
1084 2576 1135 2638 illa
1149 2577 1186 2635 in·

236 2677 338 2738 super,
351 2678 438 2739 quam
447 2678 521 2740 quae
532 2667 720 2739 pactaerant‚
733 2659 862 2720 facinora
871 2661 1011 2738 Campani
1023 2659 1187 2722 ediderunt:
1238 2671 1239 2727 t

236 2760 303 2803 uam
330 2744 496 2822 praefectos
516 2746 629 2805 socium
649 2745 777 2823 civisque
797 2743 957 2806 Romanos.
969 2743 1056 2814 alios,
1085 2745 1186 2824 partim

234 2823 332 2902 aliquo
345 2825 466 2886 militiae
481 2845 605 2888 munere
620 2836 791 2908 occupatos,
812 2829 919 2907 partim
933 2829 1053 2907 privatis
1070 2827 1187 2908 negotiis

236 2905 396 2987 inplicitos,
417 2907 501 2986 plebs
515 2918 638 2988 repente
656 2913 751 2971 omnis
767 2911 986 2991 conprehensos
1000 2911 1079 2973 velut
1096 2919 1185 2974 custo·
1237 2941 1238 2981 r

236 2990 301 3052 diae
316 3009 402 3054 causa
424 2991 536 3052 balneis
556 2992 667 3055 includi
687 2995 785 3066 iussit,
806 2996 857 3057 ubi
876 2996 992 3056 fervore
1009 3003 1096 3076 atque
1112 3001 1185 3056 aestu

236 3078 332 3138 anima
343 3073 502 3138 interclusa
514 3075 632 3138 foedum
646 3079 678 3138 iu
693 3078 812 3140 modum
828 3081 1007 3157 expirarent.
1236 3091 1237 3150 t

208 3171 224 3218 4
296 3160 337 3221 Ea
351 3161 516 3231 uellerent,
534 3180 592 3222 neu
607 3161 713 3241 legatio
726 3164 892 3226 mitteretur
903 3163 940 3224 ad
954 3164 1101 3234 Poenum,
1114 3178 1185 3224 sum·
1236 3155 1237 3233 l

234 3261 282 3306 ma
297 3263 353 3323 ope
367 3245 471 3305 Decius
484 3246 610 3322 Magius,
632 3249 690 3318 vir,
715 3249 763 3307 oui
777 3247 814 3308 ad
829 3265 972 3309 summam
991 3248 1186 3309 auctoritatem
1235 3315 1236 3322 ἵ

208 3327 307 3389 anihil
322 3336 440 3407 praeter
454 3347 555 3390 sanem
571 3331 676 3391 civium
692 3340 820 3391 mentem
837 3331 940 3393 deluit.
965 3334 1123 3394 restiterat.
1159 3335 1186 3388 ut

236 3412 1185 3494 veropraesidiummittiabHaunibaleautlIvit,Pyrrbisuperbam

236 3489 465 3556 dominationem
490 3496 746 3577 miserabilemque
768 3497 996 3560 Tarentinorum
1021 3501 1185 3560 servitutem
1221 3540 1227 3555 .

1219 3727 1234 3944 q
