2546 3936
333 249 427 290 urana
442 250 485 290 xx.
499 249 568 292 our.
582 237 625 292 25.
642 239 685 292 26.
703 227 743 310 [a.
761 232 795 292 Ο.
812 224 873 313 att]
1020 189 1081 299 '121

124 412 178 462 tus
192 398 344 476 principes
361 397 518 456 iuventutis
533 396 687 458 duodecim
703 415 827 458 numero
841 400 871 458 iu
886 401 1084 477 proditionem

123 482 240 543 urbium
255 498 375 542 suarum
388 482 532 540 coniurati
545 481 579 541 ad
594 480 728 543 consules
739 483 868 542 veniunt.
898 484 1004 544 docent
1015 491 1110 544 suosb

124 569 179 628 iam
192 565 308 643 pridem
320 571 491 642 exoptantes
501 565 674 625 Samnitium
685 567 849 635 adventum,
862 566 949 628 simul
961 566 996 625 ad
1009 567 1083 626 Lau·
1159 589 1162 596 ·

125 650 198 712 cuias
221 655 381 729 pugnatum
401 648 569 717 audierunt,
592 667 646 728 pro
667 651 749 710 victis
769 650 916 710 Romanos
935 649 1082 721 babuisse,

123 735 293 804 iuuentute„
311 733 400 793 armis
415 732 576 792 Samnitem
596 735 720 802 iuvisse:
742 732 849 811 iugatis
864 734 931 793 inde
946 735 1113 794 Samniti-b

122 817 179 877 bus
191 819 302 876 incerta
313 834 386 895 pace
402 831 489 892 agere
504 834 559 876 nec
577 815 739 876 claudentis
754 825 854 896 portas
873 817 1028 888 Romanis,
1046 836 1084 889 ue
1121 863 1140 868 .

123 908 273 961 arcessant
286 898 411 968 bollum,
436 907 465 959 et
481 899 643 960 obstinatos
657 899 816 968 claudere„
831 903 858 960 si·
871 903 1017 963 exercitus
1033 900 1083 960 ad·

96 982 104 1020 -’
121 991 290 1045 moueatur:
311 985 342 1042 in
361 1001 393 1043 ea
411 982 600 1043 fluctuatione
623 984 788 1043 animorum
806 986 932 1063 opprimi
951 987 1084 1045 incautos

121 1086 219 1137 posse.
248 1068 294 1127 his
308 1065 477 1127 auctoribus
491 1073 570 1126 mota
584 1068 706 1145 propius
721 1073 816 1126 castra
829 1068 968 1147 missique
980 1069 1112 1129 eodem?

123 1165 257 1231 tempore
272 1153 351 1211 circa
366 1151 422 1210 tria
438 1145 680 1230 oppida'milites,
696 1152 804 1228 partim
826 1153 945 1220 armati,
969 1153 1019 1231 qui
1033 1171 1082 1212 oc·

123 1235 194 1296 culti
217 1236 382 1314 propinqua
403 1233 558 1293 moenibus
578 1233 741 1292 insiderent
763 1232 841 1304 loca,
865 1237 972 1313 partim
992 1237 1085 1313 togati

121 1320 207 1379 tectis
218 1326 298 1377 veste
314 1315 431 1394 gladiis,
452 1318 502 1393 qui
517 1316 571 1375 sub
586 1315 680 1375 lucem
697 1319 805 1395 apertis
821 1320 915 1396 portis
932 1319 1022 1380 urbes
1037 1321 1082 1392 in-

122 1401 329 1480 graderentur.
360 1398 397 1458 ab
409 1399 457 1458 bis
469 1399 555 1459 simul
568 1399 703 1459 custodes
717 1401 859 1461 trucidari
870 1404 980 1481 coepti,
997 1403 1082 1462 simul
1095 1409 1113 1460 8

123 1484 222 1560 datum
232 1485 348 1562 signum
363 1483 489 1552 armatis,
502 1490 535 1542 ut
546 1502 581 1543 ox
592 1483 935 1545 insidiisconcurrerent.
962 1487 1001 1544 ita
1013 1505 1083 1566 por·

122 1575 169 1629 tae
177 1575 344 1646 occupatae,
359 1566 471 1645 triaque
481 1567 694 1646 oppidaeadom
707 1569 781 1627 hora
791 1569 952 1648 eodemque
960 1569 1082 1630 consilio

123 1657 217 1730 capta.
245 1649 296 1710 scd
308 1651 374 1729 quia
388 1649 557 1711 absentibus
570 1650 692 1711 ducibus
702 1653 828 1731 impetus
841 1660 884 1712 est
896 1653 1004 1724 lactus,
1017 1652 1112 1714 nul-9

122 1734 167 1794 lus
178 1733 282 1794 modus
294 1733 432 1793 caedibus
448 1734 517 1802 luii3
534 1733 686 1813 deletaque
699 1737 846 1797 Ausonum
861 1755 933 1815 gens
942 1739 988 1797 vix
1001 1745 1088 1810 certo

94 1821 105 1844 ”
124 1818 298 1891 deiectionis
306 1819 438 1886 crimine,
447 1820 612 1896 perindeac
622 1821 646 1878 si
656 1820 921 1881 internecivobello
931 1828 1081 1882 certasset.

184 1901 283 1962 xxvi
309 1900 420 1960 Eodem
446 1920 523 1961 anno
550 1902 666 1981 prodito
688 1903 820 1964 hostibus
840 1904 971 1965 Romano
995 1915 1108 1984 prae-1

122 1983 197 2044 sidio
212 1984 335 2045 Luceria
350 1985 524 2045 Samnitium
548 1986 632 2046 lacta.
668 2003 722 2047 neo
745 1988 794 2048 diu
816 1987 1016 2067 proditoribus
1035 1991 1081 2049 iu·

121 2069 283 2148 punitores
296 2068 360 2128 luit.
391 2069 469 2129 baud
485 2069 588 2148 procul
602 2071 670 2130 inde
683 2074 829 2132 exercitus
839 2071 988 2132 Romanus
1001 2080 1079 2149 erat;
1093 2082 1109 2130 a

121 2153 204 2212 cuius
228 2152 457 2232 primo'impctu
473 2153 545 2213 urbs
561 2156 614 2214 sita
635 2155 664 2212 in
685 2154 772 2233 plano
788 2157 910 2235 capitur.
943 2157 1082 2217 Lucerini

121 2254 155 2296 ac
171 2236 318 2296 Samnites
335 2235 370 2296 ad
388 2237 621 2298 internecionem
637 2240 729 2306 caesi,
752 2257 845 2318 eoque
866 2241 910 2299 ira
927 2243 1109 2318 processittt

96 2321 97 2325 ’
120 2327 154 2380 ut
173 2319 284 2380 Romae
312 2337 444 2398 quoquc,
469 2327 541 2379 'cum
561 2319 597 2380 de
619 2319 731 2382 colonis
754 2321 904 2381 mittendis
926 2323 1080 2382 Luceriam

122 2403 326 2464 consuleretur
349 2409 483 2472 senatus,
507 2403 592 2463 multi
614 2403 766 2465 delendam
787 2404 892 2465 urbem
914 2413 1080 2466 censerent.

120 2495 240 2566 praeter
255 2486 369 2556 odium,
386 2486 464 2566 quod
477 2486 640 2546 execrabile
655 2489 685 2546 in
701 2487 746 2549 bis
759 2495 858 2567 captos
874 2496 952 2558 erat,
966 2487 1110 2566 lengun-4

122 2573 217 2651 quitas
229 2588 345 2651 quoque
362 2570 524 2630 abhorrere
542 2590 559 2632 a
573 2571 739 2650 relegandis
756 2580 815 2632 tarn
830 2572 934 2652 procul
945 2572 981 2633 ab
994 2572 1080 2633 domo

122 2654 329 2716 civibusinter
340 2661 399 2714 tam
409 2654 530 2714 infestas
544 2662 646 2733 gentes
659 2655 790 2733 cogebat.
822 2658 890 2717 vicit
904 2665 1002 2717 tamen
1014 2667 1109 2720 seu-5

120 2740 226 2810 tentia,
237 2746 271 2798 ut
285 2739 473 2798 mitterentur
485 2737 609 2811 coloni.x
621 2739 679 2799 duo
690 2738 769 2799 milia
779 2747 811 2799 'et
822 2742 973 2819 quingenti
989 2742 1079 2803 missi.

96 2887 99 2891 ,
182 2822 293 2884 Eodem
309 2839 400 2894 anno,
423 2840 489 2882 cum
511 2824 609 2883 omnia
626 2822 715 2884 infida
732 2823 872 2886 Romanis
890 2833 1004 2898 essent,
1027 2825 1080 2888 Ca-

119 2926 196 2988 puae
212 2925 328 2986 quoque
344 2905 475 2967 occultae
491 2908 658 2987 principum
678 2909 894 2970 coniurationes
912 2911 1014 2972 iactae.
1044 2911 1109 2971 ded

120 2990 309 3070 quibuscum
326 2990 361 3050 ad
381 2999 515 3051 senatum
533 2991 657 3054 relatum
674 3001 764 3064 esset,
786 2994 1009 3074 haudquaquam
1027 3013 1080 3053 ne·

121 3073 292 3154 glectares:
305 3077 490 3154 quaestiones
503 3076 647 3147 decretae,
661 3077 891 3157 dictatoremque
903 3079 1079 3156 quaestioni·

119 3159 176 3220 bus
190 3160 361 3218 exercendis
379 3159 436 3219 dici
454 3158 572 3237 placuit.
596 3162 635 3221 Ὀ.
647 3160 904 3229 Maenius·dictus;
918 3163 943 3219 is
958 3161 996 3220 M.
1009 3161 1107 3220 llos-'t
1160 3197 1162 3202 ·

55 3280 58 3285 -
120 3243 193 3304 lium
214 3244 385 3320 magistrum
408 3245 538 3322 equitum
560 3243 652 3310 dixit„
680 3244 785 3320 ingens
807 3250 869 3302 erat
894 3244 1081 3320 magistratus

121 3329 188 3402 eius
203 3329 311 3387 terror.
339 3328 437 3406 itaque
460 3327 520 3386 sive
542 3328 630 3386 timor
651 3344 712 3386 seu·
725 3327 922 3387 conscientiae
941 3327 982 3386 vis
1000 3325 1080 3386 Cala·

120 3412 182 3472 rios
200 3410 304 3471 Ovium
321 3409 559 3490 Noviumque-
578 3411 722 3489 cacapite
740 3411 949 3470 coniurationis
964 3410 1079 3470 inerant

120 3527 172 3566 -,
185 3495 358 3573 priusquam
372 3497 596 3556 nominarentur
611 3495 688 3576 apud
702 3494 888 3566 dictatorem,
904 3503 985 3555 mors
1001 3493 1081 3554 baud
1171 3531 1173 3533 -
