2546 3936
224 173 266 236 9ο
392 185 486 229 umus
500 186 569 230 v111.
594 185 664 228 oar.
678 173 721 228 38.
736 174 780 228 39.
799 165 839 248 [a.
854 190 886 230 u.
902 190 929 230 e.
944 165 1008 250 432]

226 343 296 406 tatu,
311 343 344 395 ut
357 332 464 395 vallum
478 341 645 412 peteretur,
660 351 791 412 opusque
806 323 967 411 inciperet,
980 334 1045 395 fieri
1054 353 1114 397 non
1124 355 1178 418 po·

196 426 309 480 eterat.
330 420 428 498 itaque
442 416 495 480 ubi
508 434 603 497 neque
619 416 708 477 eundi
724 434 820 497 neque
834 416 974 478 manendi
985 420 1099 497 copiam
1114 438 1176 482 esse

223 502 315 572 videt,
336 503 456 563 instruit
483 502 576 561 aciem
595 499 806 579 inpedimentis
835 518 872 560 ex
903 501 1019 578 agmine
1045 505 1175 564 remotis.
1248 537 1249 546 κ

221 589 372 647 instruunt
394 592 496 646 contra
519 591 548 644 et
568 585 684 654 hostes,
712 591 742 643 et
762 585 866 657 animis
890 591 920 644 et
945 583 1056 646 viribus
1081 604 1176 666 pares.
1248 579 1249 650 ἶ

192 676 343 731 uauxerat
355 669 385 729 id
402 669 530 729 maxime
546 669 673 740 animos,
689 665 767 747 quod
787 667 883 746 ignari
901 665 967 727 loco
988 669 1103 748 iniquo,
1119 687 1176 730 non

222 754 300 814 hosti
314 770 445 823 cessum,
463 750 543 812 velut
556 751 702 829 fugientes
717 768 751 812 ae
765 752 883 811 territos
897 749 1046 812 terribiles
1061 753 1118 831 ipsi
1131 769 1175 814 se·

1248 3125 1249 3156 l

180 844 214 895 ιο
225 839 285 898 coti
300 837 425 901 fuerant.
456 835 486 895 id
500 833 679 915 aliquamdiu
694 835 827 914 aequavit
843 850 971 914 pugnam
988 836 1175 915 iampridem

219 921 343 981 desueto
356 919 486 981 Samnite
501 917 661 979 clamorem
675 918 800 980 llomani
815 919 961 978 exereitus
971 920 1040 997 pati.
1064 925 1094 980 et
1108 920 1176 981 ber-

218 1002 288 1065 cule
301 1001 352 1062 illo
364 1001 411 1062 die
426 1001 462 1062 ab
477 1001 550 1062 hora
562 1001 620 1062 diei
630 1002 718 1063 tertia
733 1001 769 1062 ad
785 1008 916 1062 octavam
930 1003 970 1062 ita
982 1019 1090 1082 anceps
1106 1003 1175 1064 dici-

219 1095 270 1148 tur
292 1093 441 1147 certamen
456 1085 585 1156 stetisse,
607 1092 642 1147 ut
660 1102 755 1165 neque
777 1084 903 1154 clamor,
924 1093 957 1146 ut
973 1088 1069 1165 primo
1086 1086 1176 1148 semel

220 1188 367 1233 concursu
385 1176 429 1231 est
447 1168 593 1240 sublatus,
612 1171 735 1231 iteratus
754 1171 806 1240 sit,
827 1187 923 1249 neque
942 1170 1025 1248 signa
1042 1178 1177 1249 promota

222 1253 287 1314 loco
303 1261 419 1315 retrove
434 1261 570 1334 recepte,
593 1271 689 1333 neque
710 1270 864 1315 recursum
884 1252 920 1314 ab
942 1251 1001 1314 ulla
1023 1255 1061 1316 sit
1082 1262 1177 1335 parte.

178 1346 210 1397 tl
222 1340 253 1399 in
268 1357 321 1400 suo
336 1339 466 1418 quisquis
480 1339 573 1417 gradu
588 1336 689 1398 obnixi
703 1345 842 1416 urgentes
856 1338 947 1398 scutis
968 1339 1032 1398 sine
1047 1340 1176 1418 respira·

220 1425 301 1484 tione
316 1441 351 1484 ac
365 1429 502 1502 respectu
520 1421 706 1502 pugnabant;
728 1422 870 1482 fremitus
884 1421 1013 1501 aequalis
1033 1429 1176 1502 tenorque

220 1507 299 1568 idem
314 1525 431 1586 pugnae
447 1508 480 1566 in
496 1505 734 1583 defatigationem
748 1504 880 1567 ultimam
896 1513 946 1566 aut
960 1513 1077 1567 nomem
1092 1525 1177 1587 spee-

180 1599 211 1649 12
223 1590 311 1653 tabat.
350 1593 409 1650 iam
432 1591 502 1650 viris
522 1592 613 1660 vires,
634 1590 692 1650 lam
714 1590 794 1650 ferro
817 1607 868 1650 sua
884 1591 943 1658 ris,
973 1591 1032 1650 iam
1056 1589 1177 1652 consilia

221 1674 344 1735 ducibus
356 1673 486 1744 deerant,
503 1691 570 1734 cum
586 1671 682 1734 subito
696 1673 869 1734 Samnitium
886 1674 1014 1752 equites,
1033 1691 1101 1735 cum
1113 1682 1176 1736 tur·

220 1776 268 1819 rna
282 1776 342 1818 una
353 1756 469 1835 longius
487 1763 626 1838 provecta
648 1759 830 1837 accepissent
848 1757 1049 1837 inpedimenta
1068 1757 1177 1819 liema-

220 1860 327 1904 norum
341 1839 447 1922 procul
462 1840 498 1902 ab
515 1843 634 1903 armatis
651 1843 714 1902 sine
729 1841 890 1922 praesidio,
912 1841 976 1901 sine
991 1843 1177 1903 munimento

131 1967 136 1976 ·
180 1932 314 1997 laetare,
331 1925 466 1986 aviditate
483 1925 612 2004 praedae
623 1927 766 2006 impetrun
778 1925 898 1986 faciunt.
929 1925 1007 2004 quod
1018 1923 1070 1986 ubi
1085 1924 1177 1987 dicta·

219 2012 278 2071 tori
294 2009 427 2089 trepidus
442 2012 561 2072 nuntius
576 2008 694 2071 adtulit:
715 2010 805 2081 „sine
821 2009 908 2072 modo
920 2016 938 2040 ‘⁴
960 2010 1070 2088 inquit,
1084 2022 1177 2081 „sese

218 2094 328 2172 praeda
342 2094 564 2174 praepediant.“
590 2092 638 2154 alii
654 2093 760 2154 deinde
772 2111 861 2172 super
874 2091 948 2153 alios
963 2090 1051 2172 diripi
1065 2094 1177 2173 passim

216 2177 349 2258 ferrique
373 2179 506 2241 fortunas
522 2176 647 2240 militum
665 2176 911 2238 vociferabantur.
952 2183 1014 2237 tum
1034 2178 1178 2255 magistro

178 2268 209 2320 m
221 2265 350 2342 equitum
367 2264 475 2341 nocito:
492 2309 509 2334 „
516 2261 597 2322 vides
612 2269 645 2322 tu
653 2269 671 2296 “
684 2263 791 2341 inquit,
811 2261 875 2334 „ln
891 2258 977 2331 Fabi,
994 2259 1031 2320 ab
1046 2260 1177 2322 bostium

219 2347 315 2426 equite
336 2348 474 2408 omissam
497 2345 645 2426 pugnam?
679 2345 804 2406 haerent
822 2343 947 2423 inpediti
967 2343 1179 2423 inpedimentis

176 2436 208 2489 15
220 2432 338 2490 nostris.
369 2429 546 2508 adgredere,
563 2428 641 2508 quod
659 2430 738 2489 iuter
754 2427 956 2508 praedandum
977 2430 1057 2488 omni
1076 2428 1179 2490 multi·

216 2514 311 2575 tudini
331 2515 441 2585 evenit,
465 2513 633 2590 dissipatos:
663 2529 747 2572 raros
769 2512 851 2591 equis
875 2511 1050 2583 insidentes,
1080 2531 1179 2586 raros,

215 2597 322 2677 quibus
336 2598 449 2658 ferrum
459 2598 491 2656 in
506 2613 596 2656 manu
608 2596 645 2655 sit
658 2597 802 2666 inventam
820 2611 968 2676 equosque
983 2596 1052 2656 dum
1064 2597 1179 2677 praeda

216 2684 355 2751 onerant,
371 2679 461 2742 caede
474 2681 605 2742 inermes
617 2685 827 2759 cruentamque
844 2679 903 2741 illis
916 2681 1057 2759 praedam
1071 2681 1179 2742 redde.

173 2771 207 2822 16
218 2763 291 2824 milri
309 2764 440 2842 legiones
458 2763 649 2843 peditumque
673 2779 772 2842 pugna
796 2779 884 2824 curae
906 2771 1007 2833 erunt3
1034 2781 1128 2844 penes
1148 2770 1180 2825 te

213 2853 353 2926 equestre
368 2848 406 2906 sit
421 2846 542 2907 decus.“

186 2938 202 2988 1
275 2929 404 2992 XXXIX.
430 2929 569 3008 Equitum
581 2931 666 3001 acies,
682 2929 776 3010 qualis
789 2930 893 3016 [quae]
907 2951 970 2994 esse
981 2935 1179 2997 instructissi-

217 3033 264 3077 ma
278 3021 391 3093 potest,
407 3014 522 3075 invecta
535 3015 568 3074 in
579 3013 733 3094 dissipatos
748 3016 954 3097 inpeditosque
969 3018 1069 3079 hostes
1083 3019 1179 3080 caede

187 3101 314 3160 comnia
331 3098 435 3177 replet.
467 3100 546 3159 inter
561 3099 691 3160 sarcinas
712 3101 834 3161 omissas
849 3109 986 3181 repente,
1003 3100 1182 3165 obiacentes

215 3182 340 3263 pedibus
358 3183 533 3263 fugientium
557 3189 870 3263 consternatorumque
892 3202 1049 3264 equorum,
1075 3203 1179 3264 neque

182 3273 331 3345 apognae
343 3284 439 3346 neque
453 3267 540 3345 fugae
555 3267 624 3326 satis
638 3274 774 3346 potentes
796 3266 967 3330 caeduntur.
996 3277 1059 3329 tum
1075 3267 1178 3329 deleto
1248 3277 1249 3322 l

215 3367 307 3428 prope
329 3353 459 3430 equitatu
481 3351 609 3412 hostium
629 3350 667 3411 bl.
690 3350 800 3412 Fabius
822 3351 1029 3412 circumductis
1050 3349 1179 3431 paulum
1248 3323 1249 3392 l

185 3440 202 3487 4
216 3432 268 3492 alis
284 3432 320 3493 ab
335 3441 418 3510 tergo
432 3434 601 3514 pedestrem
622 3435 714 3495 aciem
735 3425 875 3496 adoritur.
907 3435 1019 3498 clamor
1033 3435 1103 3496 inde
1119 3453 1180 3496 no·
1248 3395 1249 3482 l
