2542 3956
189 179 250 242 332
355 193 448 233 nmen
462 193 551 232 xxm.
565 189 632 232 oar.
650 177 692 231 14.
706 177 747 226 15.
768 165 807 249 [a.
818 189 850 229 u.
866 189 892 228 e.
907 169 970 248 538]

190 341 356 409 descendit,
381 343 544 420 edixitque,
565 340 616 419 qui
634 334 788 415 capitalem
807 335 943 395 fraudem
962 339 1026 395 ausi
1040 337 1154 416 quiquo

187 425 329 501 pecuniae
351 425 470 485 iudicati
494 425 525 482 iu
538 421 661 482 vinculis
682 429 795 488 essent,
819 420 869 498 qui
893 435 998 478 eorum
1019 419 1097 497 apud
1118 439 1152 482 se

187 505 295 567 milites
310 508 428 579 flerent,
443 526 493 568 eos
507 525 582 566 noxa
594 504 775 582 pecuniaque
787 521 851 562 sese
863 500 974 562 exsolvi
988 503 1149 570 iussurum.

162 598 226 650 tea
242 609 293 650 sex
309 591 389 652 milia
405 592 557 652 hominum
572 587 690 648 Gallicis
710 585 826 665 spoliiS,
852 603 927 666 quae
948 585 1099 664 triumpho
1116 587 1147 649 C.
1238 659 1239 664 γ

189 672 314 734 Flamini
328 675 431 735 tralata
443 680 541 743 erant,
557 673 692 740 armavit,
711 672 809 748 itaque
820 687 887 729 cum
898 670 1003 746 viginti
1017 671 1147 749 quinque
1238 675 1239 682 ’

190 756 308 816 mihbus
326 767 505 818 armatorum
520 755 556 816 ab
572 755 645 816 urbe
660 753 864 834 proficiscitur.

162 845 180 896 o
251 840 396 901 Hannibal
417 841 514 919 Capua
535 847 654 916 recepta
673 854 740 897 cum
761 837 1147 916 iterumuNeapolitanorum

191 925 304 984 animos
318 927 426 1002 partim
441 941 509 1002 spe,
535 924 642 1001 partim
663 929 744 980 metu
764 922 941 998 nequiquam
963 929 1146 998 temptasset,

163 1006 221 1064 din
238 1024 340 1082 agrum
355 1006 499 1066 Nolanum
521 1006 681 1065 exercitum
703 1002 840 1072 traducit,
868 1011 978 1065 utnon
1001 1003 1147 1064 hostiliter

189 1090 301 1158 statim,
316 1092 383 1168 quia
399 1107 458 1148 non
480 1086 653 1168 desperabat
671 1086 861 1147 voluntariam
885 1087 1083 1156 deditionem,
1097 1089 1145 1157 ita,
1238 1151 1239 1154 ,

189 1173 215 1230 si
227 1181 416 1232 morarentur
436 1190 534 1251 spem,
556 1171 629 1230 nihil
648 1186 765 1239 eorum,
788 1188 862 1248 quae
883 1173 944 1250 pati
967 1179 1018 1232 aut
1040 1173 1147 1232 timere

161 1263 323 1333 tpossent,
345 1257 614 1336 praetermissurus.
654 1262 771 1314 senatus
791 1271 825 1313 ac
846 1255 973 1314 maxime
998 1257 1145 1332 primores

190 1339 252 1398 eius
266 1339 297 1398 in
311 1341 449 1400 societate
463 1338 593 1399 Romana
617 1356 682 1397 cum
703 1336 761 1398 nde
775 1346 924 1414 perstare;
946 1335 1032 1416 plebs
1057 1354 1146 1398 nora·

189 1439 270 1491 rum,
287 1431 319 1482 ut
333 1422 419 1492 solet,
436 1440 536 1482 rerum
548 1431 634 1499 atque
648 1419 818 1482 llanuibalie
827 1428 888 1482 tota
899 1439 963 1481 csse
974 1430 1146 1500 metumque

189 1522 329 1582 agrorum
344 1505 542 1585 populationis
556 1513 586 1566 et
601 1503 737 1582 patienda
753 1506 785 1563 in
800 1503 952 1564 obsidione
969 1504 1061 1564 multa
1079 1522 1145 1581 gra·

159 1589 232 1646 Bria
245 1588 424 1667 indignaque
437 1605 605 1666 proponere
617 1589 723 1647 animo.
750 1605 844 1664 neque
856 1598 991 1649 auctores
1002 1587 1145 1649 delectio·

188 1671 234 1728 nis
250 1669 381 1730 deerant.
407 1673 505 1748 itaque
519 1669 570 1730 ubi
584 1678 719 1731 senatum
734 1678 829 1730 metus
842 1673 932 1749 cepit,
948 1672 974 1732 si
988 1670 1143 1750 propalam

188 1750 352 1821 tenderent,
372 1755 469 1812 resisti
480 1751 892 1813 multitudinlconcitataenon
903 1772 997 1832 posse,
1013 1755 1143 1816 secunda
1238 1825 1239 1828 Ἴ

159 1831 351 1894 dsimulando
375 1835 544 1896 dilationem
567 1836 636 1896 mali
655 1837 815 1895 inveniunt
849 1835 965 1914 placere
985 1839 1066 1898 enlm
1088 1838 1143 1900 sibi
1238 1851 1239 1888 i

188 1918 385 1979 delectionem
398 1919 434 1980 ad
449 1917 643 1979 Hannibalem
658 1918 810 1988 simulant,
836 1918 942 1998 quibus
956 1931 1056 1981 autem
1073 1939 1142 1982 con·

188 2001 352 2062 dicionibus
363 2004 393 2062 in
404 2003 506 2062 foedus
518 2003 732 2080 amicitiamque
745 2020 848 2063 novam
860 2009 1020 2074 transeant,
1036 2023 1143 2083 parum
1238 2069 1239 2082 q

146 2091 179 2142 10
189 2095 332 2144 constare.
364 2088 405 2146 ita
420 2088 513 2164 spatio
528 2093 645 2164 sumpto
655 2083 766 2162 legatos
778 2103 907 2164 propere
921 2085 957 2146 ad
972 2095 1142 2166 praetorem
1238 2089 1239 2150 ]

185 2167 349 2227 Romanum
365 2167 535 2229 Marcellum
550 2168 716 2236 Claudium,
734 2169 783 2246 qui
795 2167 912 2229 Casilini
928 2188 995 2230 cum
1010 2173 1143 2232 exercitu
1238 2171 1239 2176 ’

187 2258 265 2319 erat,
282 2253 418 2322 mittunt,
435 2252 613 2330 docentque,
630 2260 738 2330 quanto
754 2253 785 2310 in
799 2251 968 2313 discrimine
980 2255 1017 2313 sit
1028 2254 1142 2315 Nolana
1238 2315 1239 2328 ,

185 2351 248 2392 res:
268 2351 371 2410 agrum
382 2334 552 2396 Hannibalis
567 2352 632 2396 esse
643 2340 671 2394 et
681 2333 862 2404 Poenorum,
879 2335 982 2396 urbem
994 2337 1142 2417 extemplo

144 2422 175 2473 ll
185 2415 329 2487 futuram,
346 2419 377 2476 ni
391 2418 590 2479 subveniatur.
616 2418 806 2478 concedendo
820 2417 918 2494 plebei
931 2429 1075 2490 senatum,
1092 2421 1142 2482 ubi
1238 2495 1239 2498 Ἴ

184 2498 275 2559 velint
290 2499 457 2561 defecturos
471 2519 518 2570 sc,
535 2519 572 2560 nc
584 2501 710 2561 deficere
721 2502 981 2581 praefestinarent,
997 2503 1140 2565 effecisse.

144 2581 343 2643 thllarcellus
363 2583 543 2645 conlaudatis
558 2583 678 2645 Nolanis
699 2584 800 2644 eadem
823 2585 1008 2646 simulatione
1026 2589 1141 2648 extrahi
1238 2583 1239 2662 l

184 2681 248 2724 rem
263 2666 295 2723 in
309 2685 394 2728 suum
408 2668 563 2729 adrentum
580 2669 678 2736 iussit,
696 2669 814 2729 interim
829 2666 934 2740 celari,
950 2688 1025 2748 quae
1039 2689 1139 2732 secum
1238 2669 1239 2704 ³

142 2751 175 2802 13
186 2753 251 2804 acta
268 2761 366 2807 essent
381 2768 521 2829 spemque
538 2770 656 2812 omnem
672 2751 771 2811 auxilii
785 2751 918 2813 Romani.
948 2755 1011 2832 ipse
1028 2771 1046 2813 a
1061 2754 1139 2815 Casi-
1238 2799 1239 2806 ,

183 2826 245 2886 lino
259 2827 397 2889 Caiatiam
410 2835 490 2908 petit,
510 2841 597 2912 atque
608 2835 677 2892 inde
688 2833 830 2895 Volturno
844 2837 924 2895 amni
937 2839 1061 2898 traiecto
1071 2855 1138 2915 per·
1238 2815 1239 2902 l

182 2929 239 2991 quc
254 2927 357 2988 agrum
373 2913 571 2976 Saticulanum
594 2915 831 2996 Trebianumque
856 2937 946 2998 super
970 2919 1140 2982 Suessulam
1238 2905 1239 2996 l

182 3013 237 3074 per
251 2997 358 3056 montis
370 2995 473 3058 Nolam
488 2999 630 3077 pervenit.
1238 3001 1239 3078 J

159 3085 170 3134 1
245 3077 304 3138 XV.
344 3080 405 3140 Sub
432 3080 588 3144 adventum
614 3084 760 3160 praetoris
781 3083 906 3144 Romani
925 3087 1042 3146 Poenus
1068 3105 1141 3165 agro
1238 3083 1239 3148 j

182 3159 295 3222 Nolano
308 3165 433 3224 excessit
446 3171 476 3224 ct
497 3165 534 3224 ad
550 3183 632 3225 mare
653 3168 787 3242 proxime
802 3167 955 3245 Neapolim
977 3169 1140 3240 descendit,
1238 3167 1239 3246 l

183 3244 305 3320 cupidus
332 3247 471 3305 maritimi
502 3248 601 3326 oppidi
631 3248 779 3324 potiundi,
807 3267 864 3326 quo
890 3269 993 3312 cursus
1016 3252 1141 3315 navibus
1238 3247 1239 3306 Ῠ

155 3329 259 3381 atntus
285 3343 321 3383 cx
341 3327 439 3386 Africa
466 3339 548 3390 esset
599 3338 728 3389 ceterum
761 3340 916 3409 postquam
941 3334 1097 3410 Neapolim
1124 3353 1140 3396 a

181 3405 331 3476 praelecto
347 3407 479 3468 Romano
490 3413 586 3470 teneri
597 3416 710 3489 accepit
725 3445 768 3460 --
778 3411 816 3473 bl.
828 3413 930 3476 lunius
940 3415 1056 3476 Silanus
1065 3427 1139 3488 erat,
