2538 3946
295 239 390 281 mma
403 239 467 282 m.
485 238 553 281 οη.
569 224 612 276 46.
629 227 671 278 47.
689 216 729 298 [a.
746 219 781 281 0.
796 217 857 300 218]
991 225 1053 289 243

94 390 195 450 oriens
208 385 302 466 pulvis
317 388 433 464 signum
448 387 705 467 propinquantium
722 386 850 446 hostium
866 385 930 447 luit
957 388 1052 448 consi-

94 475 148 533 stit
166 481 323 550 utrumque
344 487 447 548 agmen
475 476 505 530 et
532 469 568 530 ad
593 469 738 548 proelium
759 486 823 530 sese
850 471 1051 549 expediebant.

94 556 195 634 Scipio
212 553 387 615 iaculatores
403 559 433 613 et
444 551 543 614 Gallos
558 555 670 632 equites
684 555 716 614 in
732 553 829 613 ironte
841 552 931 624 locat,
946 554 1081 617 Roma-d

93 657 151 700 nos
165 641 372 716 sociorumque
388 637 465 716 quod
480 635 596 696 roboris
616 636 672 697 luit
687 637 718 696 in
735 635 887 706 subsidiis;
907 637 1052 698 Hannibal

93 724 227 783 frenatos
239 723 351 800 equites
361 721 392 779 in
404 719 533 780 medium
545 720 663 799 accipit,
681 737 790 780 cornua
802 719 935 782 Numidia
946 722 1052 782 iirmat.
1233 766 1238 767 ff

92 806 213 866 vixdum
226 805 355 865 clamore
368 803 481 865 sublato
493 802 667 864 iaculatores
678 804 817 882 ingerunt
830 799 908 864 inter
923 805 1051 865 subsidia
1064 812 1080 864 6
1229 799 1237 872 '1

94 889 132 950 ad
146 887 304 949 secundam
317 888 419 948 aciem.
447 887 516 948 inde
533 888 662 965 equitum
675 894 825 948 certamen
839 894 902 948 erat
913 887 1052 967 aliquam·
1126 919 1129 928 ·
1186 890 1189 894 '

92 973 145 1032 diu
158 989 274 1050 anceps.
301 971 383 1040 dein,
402 973 469 1050 quia
482 969 641 1032 turbabant
652 989 742 1050 equos
757 970 870 1050 pedites
879 973 1050 1043 intermixti,

91 1055 194 1117 multis
200 1054 365 1115 labentibus
378 1073 413 1114 ex
425 1055 508 1134 equis
522 1061 573 1114 aut
588 1053 796 1124 desilientibus,
812 1054 863 1114 ubi
872 1072 941 1116 suos
955 1057 1055 1135 premi·

93 1142 310 1200 circumventos
333 1138 487 1210 vidissent,
514 1139 572 1198 iam
598 1141 761 1216 magna'ex
787 1145 870 1218 parte
884 1136 936 1199 'ad
962 1139 1052 1220 pedes

89 1241 197 1304 pugna·
217 1229 348 1290 venerat,
371 1221 465 1282 donec
485 1221 644 1292 Numidae,
666 1223 717 1300 qui
738 1222 770 1280 in
798 1221 937 1282 cornibus
957 1230 1079 1293 aranti

91 1308 283 1367 circumvecti
299 1305 418 1384 paulum
430 1304 466 1366 ab
477 1311 562 1382 tergo
574 1323 606 1366 se
619 1304 819 1366 ostenderunt.
844 1307 869 1365 is
882 1324 973 1386 paror
984 1324 1052 1383 per·

91 1389 165 1450 culit
179 1389 340 1470 Romanos,
364 1390 502 1468 auxitque
517 1406 656 1467 parerem
672 1387 799 1450 consulis
811 1388 916 1449 vulnus
935 1391 1051 1468 pericu·

90 1472 214 1552 lumque
225 1469 394 1532 intercursu
408 1479 470 1533 tum
486 1473 613 1550 primum
625 1471 814 1551 pubescentis
831 1473 882 1532 tilii
898 1473 1051 1551 propulsa·

90 1566 166 1617 turn.
199 1556 247 1615 hic
261 1557 317 1616 erit
336 1557 463 1626 iuvenis,
487 1574 578 1636 penes
595 1575 682 1635 quem
705 1556 828 1634 perlecti
846 1557 968 1617 huiusce
982 1555 1079 1616 bailia

90 1640 159 1724 laus
174 1647 232 1709 est,
251 1638 406 1700 Africanus
430 1638 467 1700 ob
489 1641 637 1718 egregiam
658 1640 809 1700 victoriam
831 1639 867 1700 de
888 1640 1051 1701 Hannibale
1116 1699 1118 1706 ,

91 1724 259 1802 Poenisque
270 1723 443 1803 appellatus.
476 1725 543 1801 iuga
562 1733 659 1784 tamen
675 1723 765 1784 etiosa
781 1723 972 1785 iaculatorum
990 1732 1078 1785 ma·9

92 1824 182 1868 xume
197 1807 266 1876 luit,
282 1825 356 1885 quos
366 1809 478 1886 primos
493 1808 635 1869 Numidae
646 1808 830 1876 invaserunt;
848 1807 921 1868 alius
933 1808 1049 1869 conier-

91 1899 139 1950 tus
160 1891 305 1968 equitatus
325 1890 477 1950 consulem
503 1893 533 1950 in
556 1890 684 1951 medium
708 1898 859 1969 acceptum
881 1909 940 1950 non
962 1892 1051 1951 armis

90 1972 196 2043 modo,
215 1974 366 2034 sedetiam
382 1973 556 2052 corporibus
573 1975 634 2034 suis
650 1979 809 2051 protegens
823 1975 853 2032 in
869 1979 965 2033 castra
982 1992 1050 2034 nus-

91 2075 179 2136 quam
195 2057 311 2136 trepide
326 2075 423 2136 neque
438 2058 528 2118 eiiuse
544 2056 675 2116 cedendo
696 2056 822 2115 reduxit.
856 2059 962 2116 serrati
977 2074 1048 2117 eon·
1064 2064 1094 2114 to

90 2141 163 2200 sulis
179 2141 268 2200 decus
285 2140 401 2201 Coelius
423 2140 460 2200 ad
480 2156 596 2200 servum
618 2139 737 2198 natione
758 2139 896 2217 Ligurem
918 2138 1049 2218 delegat;

90 2223 191 2284 malim
223 2223 358 2300 equidem
390 2223 427 2282 de
458 2221 517 2282 tilio
542 2239 644 2281 verum
677 2239 756 2294 esse,
790 2223 866 2302 (prod
896 2231 925 2282 et
949 2223 1049 2302 plures

90 2305 240 2366 tradidere
254 2313 390 2366 auctores
406 2312 435 2364 et
456 2304 533 2365 iarna
548 2304 683 2366 obtinuit.

154 2388 264 2448 XLVII.
297 2388 360 2448 lloc
380 2390 509 2467 primum
531 2407 597 2450 cunr
623 2388 787 2449 Hannibale
812 2387 958 2468 proelium
986 2389 1075 2459 initi

91 2491 149 2552 quo
165 2471 250 2531 iacile
272 2474 407 2551 apparuit
428 2471 486 2553 [et]
509 2474 639 2551 equitatu
661 2471 814 2533 meliorem
829 2473 961 2532 Poenum
986 2491 1049 2533 esse

91 2565 121 2616 et
140 2555 177 2614 ob
192 2555 359 2634 idqrampos
374 2558 514 2634 patentis,
531 2555 630 2634 quales
647 2565 715 2617 sunt
728 2557 805 2617 inter
819 2555 930 2617 Padum
945 2554 1047 2635 dipes-

91 2658 164 2718 qne,
192 2638 269 2699 bello
302 2640 432 2717 gerendo
460 2640 599 2700 Romanis
631 2648 714 2719 aptos
745 2658 805 2700 non
837 2656 910 2700 esse.
951 2640 1076 2718 itaquet

91 2724 226 2802 proxima
238 2731 324 2785 nocte
338 2725 424 2784 iussis
436 2722 576 2784 militibus
587 2741 654 2784 vasa
665 2724 780 2784 silentio
792 2722 942 2801 conligere
954 2731 1048 2784 castra

92 2807 127 2866 ab
145 2807 246 2868 Ticino
264 2815 357 2879 mota,
379 2808 605 2885 festinatumque
621 2807 657 2868 ad
674 2808 786 2869 Padum
803 2815 859 2878 est,
874 2813 907 2867 ut
925 2807 1046 2878 ratibus,

91 2889 196 2968 quibus
215 2893 350 2952 iunxerat
376 2891 502 2962 iiumen,
526 2891 657 2952 nondum
677 2892 814 2953 resolutis
834 2893 898 2954 sine
921 2890 1047 2952 tumultu

91 2981 178 3049 atque
194 2975 386 3036 insectatione
407 2976 498 3036 hostis
520 2978 619 3055 copias
641 2977 788 3038 traiceret.
828 2977 910 3056 prius
926 2975 1075 3036 Placen-3

90 3059 161 3115 tiam
176 3073 352 3134 pervenere,
368 3077 455 3138 quarn
467 3061 537 3118 satis
552 3061 640 3120 sciret
651 3058 794 3120 llannibal
811 3059 847 3118 ab
860 3059 962 3117 Ticino
976 3074 1045 3135 pro·

23 3187 24 3190 ,
91 3140 198 3199 lectos:
222 3146 320 3200 tamen
338 3140 376 3199 ad
396 3151 549 3201 sexcentos
568 3148 749 3202 moratorum
770 3142 800 3199 in
827 3139 963 3199 citeriore
983 3141 1047 3218 ripa

25 3299 27 3306 Ι
90 3222 162 3283 Padi
178 3229 306 3301 segniter
321 3231 413 3284 ratem
429 3223 574 3284 solventes
593 3227 678 3303 cepit.
710 3225 836 3284 transire
850 3229 970 3301 pontem
985 3240 1045 3282 non
1138 3279 1143 3294 ,

25 3315 28 3386 ᾗ
91 3308 201 3386 potuit,
224 3316 257 3367 ut
272 3314 407 3367 extrema
429 3305 556 3367 resoluta
581 3314 666 3366 erant
680 3314 819 3368 totarate
840 3307 872 3366 in
888 3306 1045 3366 secundam

26 3403 29 3468 ξ
91 3406 195 3468 aquam
211 3390 337 3452 labente.
369 3389 483 3451 Coelius
497 3398 655 3452 auctorest
668 3391 823 3468 llagonern
837 3408 903 3451 cum
917 3391 1072 3470 equitatui

27 3477 30 3520 t
89 3481 118 3531 et
135 3475 272 3556 llispanis
287 3473 434 3554 peditibus
454 3473 564 3536 flumen
586 3474 732 3554 extemplo
746 3483 926 3546 transnasse,
949 3476 1045 3554 ipsum

28 3523 30 3578 ³
773 3559 838 3626 ro*
