2546 3936
190 194 285 236 ursan
298 194 367 236 vm.
384 194 453 236 one.
470 183 513 238 ld.
532 184 574 238 17.
591 185 633 238 18.
651 175 690 259 [a.
708 179 742 242 O.
757 180 983 265 337-(333)331]
1028 189 1069 254 67

109 341 405 422 agroquedividundo
418 343 758 406 creaveruntcaesonem
764 346 903 412 Duillium
917 350 950 412 Τ.
960 349 1068 423 Quinc·

107 429 182 488 tium
202 426 240 486 Μ.
256 425 389 489 Fabium.

171 509 256 571 XVll.
285 509 359 570 Novi
378 509 485 570 deinde
508 511 645 574 consules
665 531 682 574 a
706 513 855 576 veteribus
871 519 1002 578 exercitu
1019 536 1067 579 ac·
1083 527 1098 578 1

107 603 196 674 cepto
211 594 338 672 ingressi
354 591 483 654 bostium
504 595 578 656 lines
597 596 765 676 populando
780 616 872 677 usque
893 600 930 660 ad
951 603 1066 662 moenia

107 686 197 757 etque
213 677 316 738 urbem
332 686 540 756 pervenerunt.
568 679 608 740 ibi
624 683 691 759 quia
708 682 820 760 ingenti
842 686 973 744 exercitu
995 702 1063 747 con·
1082 695 1099 742 2

106 772 212 842 parato
231 761 354 822 Sidicini
373 770 403 822 et
424 763 480 841 ipsi
501 780 556 841 pro
577 772 708 826 extrema
728 783 780 845 spe
799 765 966 828 dimicaturi
981 769 1066 828 enixe

107 845 297 913 videbantur,
314 852 343 904 et
354 845 506 906 Samnium
521 846 599 909 lama
610 856 674 909 erat
688 849 799 910 conciri
810 849 846 910 ad
861 849 987 918 bellum,
1007 851 1066 911 dic·
1083 859 1099 909 3

108 939 186 992 tator
202 928 238 990 ab
256 928 425 990 consulibus
447 947 483 990 ex
504 933 676 994 auctoritate
697 942 817 994 senatus
838 933 932 994 dictus
945 935 977 994 P.
995 936 1064 996 Cor·

107 1012 205 1074 nelius
225 1011 361 1083 Rufinus,
389 1015 531 1091 magister
557 1017 686 1094 equitum
706 1018 743 1078 Μ.
765 1019 920 1078 Antonius.
961 1017 1097 1095 religios

108 1097 216 1158 deinde
236 1097 355 1158 incessit
374 1098 443 1157 vitio
465 1116 518 1159 eos
537 1106 667 1168 creatos,
690 1102 920 1180 magistratuque
936 1120 970 1162 se
984 1101 1066 1161 abdi-

108 1187 263 1248 caverunt;
288 1190 317 1241 et
333 1181 399 1260 quia
422 1181 588 1261 pestilentia
604 1185 736 1245 insecuta
754 1193 813 1255 est,
836 1185 914 1247 velut
929 1184 1066 1246 omnibus

109 1285 145 1326 eo
161 1267 230 1326 vitio
245 1265 387 1326 contactis
402 1267 542 1344 auspiciis
562 1284 612 1326 res
628 1267 664 1328 ad
679 1270 883 1345 interregnum
897 1270 995 1330 rediit.
1030 1267 1066 1330 ab
1081 1277 1097 1326 5

107 1353 282 1426 interregno
298 1349 370 1408 inito
385 1367 440 1428 per
450 1351 584 1428 quintum
600 1351 720 1412 demum
733 1353 914 1429 interregem
926 1353 964 1414 Μ.
980 1351 1064 1412 Vale·

108 1437 187 1496 rium
208 1433 334 1494 Corvum
355 1433 445 1494 creati
469 1432 606 1494 consules
620 1435 652 1494 Α.
671 1433 826 1496 Cornelius
844 1436 953 1496 iterum
967 1442 997 1495 et
1014 1434 1065 1496 Cn.

109 1517 263 1578 Domitius.

174 1598 352 1678 Tranquillis
366 1598 456 1660 rebus
472 1599 549 1662 lama
560 1599 665 1662 Gallici
679 1600 750 1661 belli
763 1621 818 1680 pro
830 1601 957 1662 tumultu
967 1601 1066 1672 valuit,
1082 1607 1099 1659 o

109 1692 186 1746 utet
203 1683 374 1744 dictatorem
388 1683 445 1742 dici
462 1683 602 1762 placeret.
630 1685 724 1746 dictus
738 1686 776 1746 Μ.
793 1685 927 1765 Papirius
945 1684 1067 1746 Crassus

109 1777 139 1832 et
154 1769 295 1846 magister
309 1768 441 1846 equitum
455 1766 487 1827 P.
505 1766 638 1828 Valerius
654 1768 815 1831 Publicola.
842 1789 859 1830 a
876 1768 984 1848 quibus
999 1786 1066 1829 cum
1081 1777 1096 1824 7

109 1852 233 1916 dilectus
249 1853 391 1913 intentius
405 1870 493 1930 quam
508 1851 648 1912 adversus
665 1853 787 1912 finitima
805 1851 882 1912 bella
892 1851 1066 1940 baberetur,

108 1936 309 2016 exploratores
336 1935 416 1996 missi
438 1934 611 2008 attulerunt,
637 1938 735 2015 quieta
751 1937 849 1997 omnia
869 1935 946 2013 apud
969 1934 1067 1996 Gallos

108 2039 184 2084 esse.
218 2019 371 2082 Samnium
382 2037 499 2098 quoque
514 2021 572 2080 iam
588 2019 713 2082 alterum
729 2037 839 2081 annum
853 2018 970 2080 turbari
984 2019 1099 2078 noviss

109 2104 239 2168 consiliis
260 2111 428 2184 suspectum
452 2111 530 2164 erat:
560 2122 596 2165 co
618 2123 654 2164 ex
674 2121 746 2182 agro
768 2103 899 2165 Sidicino
920 2104 1068 2164 exercitus

108 2191 259 2252 Romanus
276 2206 336 2248 non
358 2187 511 2248 deductus.
549 2194 681 2248 ceterum
701 2188 848 2250 Samnites
867 2183 981 2246 bellum'
1001 2184 1067 2246 Ale·
1083 2192 1100 2242 9

109 2273 216 2334 xandri
229 2272 381 2351 Epirensis
396 2273 428 2332 in
442 2271 578 2332 Lucanos
592 2273 695 2340 traxit,
710 2273 762 2350 qni
775 2270 834 2331 duo
849 2268 951 2349 populi
966 2267 1068 2328 adver·

110 2375 162 2418 sus
174 2373 275 2432 regem
291 2356 492 2418 escensionem
509 2374 525 2415 a
541 2355 645 2416 Paesto
661 2355 819 2414 facientem
834 2354 927 2430 signis
944 2350 1068 2412 conlatis

110 2447 324 2520 pugnaverunt.
348 2458 383 2499 eo
394 2441 556 2502 certamine
567 2439 702 2518 superior
712 2437 894 2505 Alexander,
909 2437 1065 2503 incertum,
1078 2439 1111 2492 10

111 2543 169 2604 qua
183 2521 240 2582 tide
254 2521 401 2593 culturus.
418 2525 445 2586 si
461 2522 586 2603 perinde
600 2531 698 2584 cetera
720 2523 948 2602 processissent,
965 2536 1067 2597 pacem

111 2626 180 2669 cum
193 2607 333 2670 Romanis
349 2607 427 2668 iecit.
444 2641 486 2652 -
500 2606 612 2668 Eodem
628 2625 706 2668 anno
722 2624 828 2666 census
843 2610 925 2664 actus
941 2603 1067 2680 novique
1081 2608 1109 2658 lt

110 2694 189 2753 cives
202 2691 294 2752 censi.
327 2691 557 2770 tribuspropter
573 2709 624 2752 eos
640 2689 756 2753 additae
769 2690 880 2750 Maecia
898 2695 928 2748 et
943 2683 1070 2763 Scaptia.

111 2793 251 2839 censores
279 2773 455 2837 addidemnt
480 2774 515 2845 Q.
539 2773 681 2836 Publilius
707 2773 792 2834 Philo
819 2772 869 2851 Sp.
892 2771 1068 2832 Postumius.

109 2860 236 2922 Romani
259 2859 328 2920 iacti
347 2859 489 2920 Acerrani
505 2857 570 2936 lege
591 2858 628 2919 ab
647 2858 680 2918 t..
703 2857 820 2937 Papirio
841 2862 979 2934 praetore
1000 2853 1066 2918 lata.
1082 2860 1113 2912 12

111 2963 170 3022 qua
185 2944 286 3004 civitas
306 2944 370 3004 sine
389 2941 528 3020 suffragio
548 2942 625 3004 data.
652 2943 727 3002 baec
744 2960 778 3000 eo
796 2957 874 3002 anno
893 2939 973 2999 domi
993 2937 1066 2996 mili·

113 3027 229 3103 tiaeque
245 3035 335 3101 gesta.

176 3107 275 3169 xvttt.
307 3107 422 3170 Foedus
437 3110 596 3188 insequens
617 3126 712 3169 annus
732 3127 784 3169 seu
804 3106 980 3182 intemperie
998 3101 1100 3161 caelit

113 3211 166 3256 seu
188 3191 316 3252 bumana
335 3191 438 3253 fraude
458 3193 526 3262 luit,
548 3193 587 3254 Μ.
610 3192 730 3256 claudio
752 3187 889 3252 lllarcello
907 3188 941 3246 T.
956 3185 1071 3244 Valerio

113 3274 293 3340 consulibus.
325 3275 463 3336 Flaccum
477 3276 664 3355 Potitumque
685 3276 764 3336 raris
784 3275 815 3332 in
831 3268 986 3330 annalibus
1003 3276 1103 3345 cog-2
1152 3351 1159 3360 ι

113 3379 222 3424 nomen
239 3357 369 3421 consulis
388 3361 516 3420 lnvenio.
547 3367 679 3422 ceterum
696 3359 728 3418 in
749 3374 784 3416 eo
795 3356 878 3434 parvi
892 3353 986 3412 refert
1002 3351 1072 3432 quid
1146 3358 1154 3374 ‘

111 3446 176 3506 veri
195 3445 249 3513 sit;
269 3443 342 3505 illud
363 3443 507 3521 pervelim
522 3477 561 3490 -
582 3461 638 3506 nec
659 3458 762 3504 omnes
781 3446 916 3561 auctpres
936 3444 1005 3498 sunt
1032 3469 1070 3482 -
