2546 3936
174 122 224 221 88Ι
267 171 361 212 umen
376 171 446 213 vnr.
465 169 534 215 cur.
549 157 591 210 36.
606 158 649 209 37.
667 147 707 232 [e.
722 173 753 211 u.
773 172 799 212 c.
812 158 863 210 429
877 116 1044 234 (aau)-432}

182 317 220 378 ad
228 314 436 378 salubritatem
452 317 599 378 efficacius
615 317 720 388 luerit,
735 335 823 397 quam
844 316 923 396 quod
945 326 1030 394 grato
1045 319 1145 380 aalma

152 410 218 462 eea
235 417 305 462 cura
319 408 440 480 accepta
456 409 509 462 est.
541 400 654 462 reiecto
670 403 801 462 exercitu
823 418 890 461 cum
904 400 990 461 hoste
1004 418 1145 480 congres-

138 551 141 556 ,
182 503 233 546 sus
256 483 334 546 haud
359 484 445 546 dnbla
468 501 521 565 spe
541 502 594 557 sua
607 483 791 565 militumque
820 486 860 545 ita
880 484 955 545 ludit
977 485 1146 564 fugavitque

182 567 346 639 Samnites,
367 576 402 630 ut
419 567 470 629 ille
492 568 612 630 ultimus
631 569 674 628 eis
697 567 760 630 dies
781 567 954 630 conterendi
974 570 1058 647 signa
1077 586 1146 630 curu

153 653 325 713 edictatore
340 653 443 714 luerit.
469 653 590 714 incessit
606 651 727 724 deinde,
752 672 810 733 qua
825 652 907 713 duxit
921 651 1049 731 praedae
1067 670 1146 731 spec,

183 738 276 797 victor
288 737 443 807 exercitus,
458 735 703 816 perlustravitque
717 731 845 798 hostium
858 753 945 814 agros
959 731 1038 796 nulla
1050 753 1143 807 arma,

98 831 100 835 ·
139 826 174 879 lo
185 818 296 880 nullam
313 821 370 880 rim
386 837 441 879 nec
456 826 587 898 apertam
600 837 655 880 nec
670 838 706 880 ex
721 820 834 882 insidiis
846 826 994 897 expertus.
1018 818 1147 880 addebat

181 904 377 973 alacritatem,
393 902 472 982 quod
489 901 612 963 dictator
626 902 767 982 praedam
781 921 898 964 omnem
916 903 1049 966 edixerat
1064 902 1144 963 mili·

181 987 274 1056 tibus,
292 1004 347 1047 neo
361 988 405 1046 ira
426 987 518 1064 magis
544 985 663 1065 publica
675 1004 765 1066 quarn
780 989 925 1067 privatum
946 986 1146 1067 conpendium

138 1072 212 1132 uin
228 1071 343 1134 hostem
361 1068 493 1130 acuebat.
526 1070 573 1130 bis
594 1069 725 1132 cladibus
739 1070 853 1132 subacti
874 1072 1020 1132 Samnites
1039 1088 1147 1149 pacem

181 1173 199 1216 a
215 1155 358 1215 dictatore
373 1155 502 1233 petiere;
525 1172 591 1215 curn
607 1173 665 1234 quo
679 1156 770 1235 pacti,
790 1163 822 1216 ut
841 1153 956 1233 singula
970 1156 1146 1216 vestimenta

138 1246 173 1298 12
183 1235 326 1299 militibus
342 1244 371 1298 et
385 1255 515 1300 annuum
526 1238 704 1318 stipendium
720 1238 841 1308 darent,
863 1257 930 1299 cum
945 1240 990 1299 ire
1005 1237 1042 1298 ad
1057 1255 1146 1299 sena·

81 1338 84 1344 ’
180 1330 244 1384 tum
259 1324 331 1386 iussi
349 1330 462 1396 essent,
486 1331 639 1384 secuturos
661 1340 693 1385 se
717 1323 891 1384 dictatorem
915 1322 1146 1402 responderunt,

181 1410 269 1468 unius
284 1411 346 1469 eius
360 1407 430 1468 fidei
439 1409 598 1486 virtutique
610 1424 727 1467 causam
739 1425 822 1469 suam
835 1407 1087 1468 commendantes.
1104 1408 1146 1468 lta

155 1497 169 1549 1
181 1492 325 1554 deductus
335 1511 371 1552 ex
379 1490 558 1552 Samnitibus
564 1491 719 1552 exercituo.
741 1490 879 1552 xxxvss.
895 1491 1025 1552 Dictator
1038 1493 1147 1566 trium7

180 1576 276 1655 phans
294 1575 399 1637 urbem
416 1582 460 1635 est
477 1577 644 1653 ingressum
658 1581 696 1643 et,
715 1593 782 1636 cum
793 1593 825 1636 se
842 1574 986 1636 dictatura
1004 1574 1148 1636 abdicare
1238 1594 1239 1622 t

182 1657 278 1730 vellet,
298 1661 379 1720 iussu
391 1665 521 1737 patrum,
542 1659 712 1737 priusquam
727 1658 890 1728 abdicaret,
910 1658 1046 1720 consules
1059 1676 1147 1720 crea·
1239 1660 1241 1746 ζ

181 1744 222 1803 vit
234 1742 264 1804 C.
276 1741 438 1821 Sulpicium
445 1742 578 1820 Longum
595 1743 703 1803 iterum
721 1742 755 1815 Q.
769 1742 926 1804 Aemilium
938 1742 1146 1804 Cerretanum.
1241 1794 1242 1802 .

152 1825 328 1887 asamnites
347 1826 456 1885 inlecta
477 1843 565 1904 pace,
592 1827 660 1905 quia
686 1825 723 1886 de
744 1826 965 1888 condicionibus
989 1825 1145 1902 agebatur,
1242 1859 1243 1880 t

180 1909 309 1970 indutias
325 1926 436 1970 annuas
455 1908 492 1969 ab
512 1908 586 1970 urbe
603 1908 797 1980 rettulerunt;
822 1929 877 1971 neo
891 1928 992 1972 earum
1010 1912 1145 1991 ipsarum
1243 1957 1244 1964 .

180 2001 282 2055 sancta
302 1993 466 2054 fides.luit:
489 1993 578 2064 adeo,
595 2000 750 2073 postquam
764 1994 915 2075 Papirium
938 1993 1033 2056 abisse
1048 1997 1145 2072 magi-

181 2085 276 2137 stratu
291 2078 456 2138 nuntiatum
473 2085 534 2147 est,
552 2078 662 2138 arrecti
677 2078 714 2139 ad
728 2078 897 2140 bellandum
914 2079 1004 2140 animi
1021 2084 1099 2139 sunt.

153 2165 170 2219 3
239 2161 270 2223 C.
284 2161 413 2240 Sulpicio
420 2159 454 2232 Q.
462 2160 585 2222 Aemilio
594 2161 758 2223 -llulium
771 2162 888 2242 quidam
903 2159 1023 2223 annales
1031 2160 1147 2222 babent

182 2279 222 2290 -
241 2245 409 2307 consulibus
425 2245 461 2304 ad
485 2245 681 2306 delectionem
697 2247 871 2307 Samnitium
890 2244 1016 2325 Apulum
1032 2262 1143 2306 novum

180 2328 290 2390 bellum
302 2329 434 2392 accessit.
450 2335 575 2409 utroque
582 2331 728 2391 exercitus
739 2331 830 2392 missi.
849 2328 978 2409 Sulpicio
986 2329 1144 2396 Samnites,

152 2413 267 2493 cipuli
279 2412 402 2475 Aemilio
418 2419 498 2473 sorte
515 2421 686 2474 evenerunt.
716 2421 785 2475 sunt
806 2414 856 2493 qui
874 2432 934 2474 non
955 2415 1025 2493 ipsis
1040 2410 1146 2491 Apulis

180 2496 447 2565 belluminlatum,
464 2497 515 2557 sed
530 2498 627 2557 socios
643 2499 705 2558 eius
726 2499 822 2576 gentis
836 2496 960 2577 populos
974 2496 1010 2557 ab
1026 2495 1144 2557 Samni-

152 2583 255 2642 otium
270 2583 298 2642 ri
312 2590 398 2662 atque
415 2580 530 2641 iniuriis
546 2579 682 2642 delensos
703 2579 843 2642 scribant.
873 2588 1009 2646 ceterum·
1023 2579 1145 2640 lortuna

182 2666 373 2735 Samnitium,
395 2667 443 2726 rix
457 2682 474 2725 a
488 2683 520 2726 se
536 2665 608 2744 ipsis
623 2682 658 2727 eo
676 2673 811 2745 tempore
830 2664 1064 2744 propulsantium
1078 2661 1144 2723 bel-

179 2748 257 2819 lum,
275 2751 397 2827 propius
415 2756 449 2809 ut
462 2750 501 2809 sit
513 2766 583 2808 vero
598 2749 683 2819 lacit,
707 2767 767 2809 non
786 2747 887 2827 Apulis
907 2747 943 2810 ab
962 2745 1144 2808 Samnitibus

108 2851 112 2856 ·
180 2849 263 2892 arma
277 2831 383 2902 inlata,
400 2831 452 2891 sed
471 2849 539 2892 cum
554 2839 679 2911 utraque
695 2832 783 2893 simul
806 2839 893 2910 gente
908 2829 1018 2891 bellum
1031 2829 1142 2889 Roma·

148 2916 226 2976 unis
248 2913 347 2974 luisse.
392 2931 447 2974 nec
465 2921 565 2974 tamen
585 2933 633 2975 res
656 2915 715 2976 ulla
741 2912 942 2976 memorabilis
963 2921 1042 2974 acta:
1070 2929 1145 2988 ager

179 2998 291 3079 Apulus
311 2996 521 3078 Samniumque
540 3006 716 3071 evastatum,
740 3000 840 3060 hostes
862 3016 918 3060 nec
939 2998 988 3058 hic
1008 3013 1063 3056 nec
1080 2995 1142 3056 illic

178 3084 300 3144 inventi.
312 3115 354 3128 -
366 3081 476 3143 Romae
491 3089 652 3158 nocturnus
664 3091 762 3145 terror
775 3085 814 3144 ita
828 3101 863 3144 ex
874 3099 978 3143 somno
994 3079 1142 3160 trepidam

180 3175 303 3246 repente
318 3167 463 3228 civitatem
476 3167 594 3238 excivit,
614 3176 646 3230 ut
658 3168 832 3248 Capitolium
844 3174 931 3246 atque
943 3184 994 3226 arx
1007 3165 1144 3225 moenia·

150 3259 236 3331 tque
255 3259 285 3311 et
298 3258 402 3330 portae
424 3249 512 3331 plena
531 3261 712 3313 armatorum
734 3252 853 3312 luerint.
880 3256 992 3310 etcum
1014 3265 1143 3308 concur·

181 3339 276 3393 satum
292 3333 507 3413 clamatumque
525 3334 562 3394 ad
588 3353 670 3396 arma
686 3333 824 3395 omnibus
841 3332 912 3393 locis
929 3338 1026 3402 esset,¹
1043 3332 1143 3413 prima

178 3413 248 3476 luco
264 3433 320 3475 neo
334 3423 437 3477 auctor
452 3434 507 3477 nec
523 3435 609 3478 causa
628 3419 751 3480 terroris
766 3418 930 3498 conparuit.
