2542 3956
293 217 385 258 urana
399 217 475 260 xxm.
491 217 558 260 oar.
571 207 615 258 44.
629 205 673 257 45.
691 193 730 278 [a.
747 194 782 258 Ο.
799 193 859 276 216]
995 198 1053 260 301

165 362 260 424 XLIV.
308 363 447 425 Consules
467 366 536 424 satis
556 362 713 442 exploratis
735 363 889 424 itineribus
910 362 1085 441 sequentisl

84 447 247 515 Poenum,
269 453 301 506 ut
315 454 434 507 ventum
450 446 485 506 ad
502 447 615 508 Cannas
632 456 689 518 est,
715 455 745 507 et
764 449 795 506 in
810 452 969 524 conspectu
982 445 1056 504 Poe·

88 549 172 591 num
187 529 348 600 habebant,
373 530 440 590 bina
456 538 551 590 castra
569 533 771 591 communiunt
785 529 887 590 eodem
904 529 997 588 ferme
1011 529 1056 587 in·

88 612 236 682 terrallo,
268 631 326 693 quo
351 613 387 674 ad
410 614 600 683 Gereonium,
633 615 707 676 sicut
734 621 801 674 ante
827 615 919 692 copiis
949 610 1056 673 divisis.

86 696 234 758 Aufidius
248 698 342 757 amnis
357 698 487 777 utrisque
504 697 607 778 castris
629 696 761 758 adfluens
780 695 888 757 aditum
912 695 1086 774 aquatoria

90 779 157 840 bus
179 797 215 840 ex
240 797 291 840 sua
311 781 451 859 cuiusque
472 783 689 862 opportunitate
715 781 793 842 haud
814 781 877 842 sine
898 779 1058 839 certamine

90 861 205 931 daban
227 881 262 924 cx
276 863 438 925 minoribus
452 875 551 925 tamen
562 867 677 935 castris,
695 881 770 944 quae
791 865 885 942 posita
905 871 986 922 trans
1000 862 1057 923 Au·
1070 866 1086 916 3

93 945 204 1006 fidium
220 953 319 1017 erant,
335 947 456 1008 liberius
473 948 655 1027 aquabantur
669 948 808 1020 Romani,
824 949 891 1026 quia
908 947 973 1024 ripa
984 944 1057 1006 ulte·

93 1031 164 1088 rior
179 1028 291 1090 nullum
307 1030 434 1092 babebat
451 1032 576 1092 bostium
593 1031 780 1111 praesidium.
816 1029 962 1090 Hannibal
976 1047 1058 1106 spem
1067 1036 1086 1103 ¹s

95 1121 227 1174 nanctus
236 1112 309 1174 locis
321 1115 396 1174 natis
406 1115 442 1175 ad
455 1123 620 1194 equestrem
632 1133 776 1193 pugnam,
794 1132 849 1193 qua
860 1121 944 1192 parte
953 1113 1058 1172 virium

95 1198 226 1258 invictus
241 1205 320 1267 erat,
341 1198 470 1258 lacturos
485 1199 599 1275 copiam
616 1197 765 1276 pugnandi
781 1197 929 1266 consules,
953 1195 1060 1273 derigit

95 1281 195 1340 aciem
214 1279 388 1360 lacessitque
403 1279 595 1342 Numidarum
616 1281 839 1358 procursatione
855 1280 956 1340 bostis.
991 1278 1087 1338 indeo

97 1379 206 1423 rursus
227 1361 376 1423 sollicitari
398 1363 541 1424 seditione
559 1362 679 1423 militari
695 1381 729 1423 ac
746 1361 891 1422 discordia
906 1360 1059 1421 consulum

100 1446 234 1506 Romana
261 1452 369 1516 castra,
398 1464 463 1506 cum
490 1445 597 1508 Paulus
624 1447 848 1525 Semproniique
875 1451 905 1505 et
924 1444 1061 1506 Flaminii

99 1530 297 1590 temeritatem
318 1529 455 1599 Varroni,
476 1530 568 1590 Varro
589 1531 754 1609 speciosum
776 1529 886 1590 timidis
908 1546 943 1588 ac
962 1529 1059 1605 segni-

95 1611 158 1673 bus
187 1610 309 1672 duoibus
334 1613 500 1692 exemplum
522 1613 645 1674 Fabium
670 1611 1088 1690 obiceret,·testareturqueo

100 1695 174 1756 deos
190 1696 382 1774 hominesque
398 1696 459 1767 bic,
473 1697 584 1758 nullam
599 1714 692 1777 penes
705 1715 738 1758 se
753 1694 868 1776 culpam
884 1713 963 1765 esse,
982 1695 1060 1775 quod

102 1777 247 1840 Hannibal
268 1781 325 1839 iam
343 1779 422 1840 velut
441 1799 495 1841 usu
516 1782 642 1859 cepisset
660 1780 787 1848 ltaliam3
815 1797 848 1840 se
868 1780 1060 1840 constrictum

103 1880 120 1920 a
143 1861 265 1939 conlega
285 1865 396 1932 teneri,
424 1864 537 1924 ferrum
555 1871 642 1944 atque
665 1882 747 1924 arma
766 1865 850 1924 iratis
874 1872 904 1923 et
928 1879 1060 1941 pugnare

104 1944 289 2023 cupientibus
317 1946 406 2007 adimi
431 1946 588 2016 militibus;
617 1945 682 2016 ille,
712 1949 737 2006 si
762 1946 831 2026 quid
861 1947 1001 2025 proiectis
1027 1954 1088 2005 ac?

103 2027 228 2106 proditis
239 2028 275 2088 ad
290 2029 484 2090 inconsultam
500 2037 586 2109 atque
596 2029 777 2108 inprovidam
793 2036 924 2107 pugnam
937 2027 1060 2105 legioni·

103 2111 159 2170 bus
180 2110 340 2182 accideret,
362 2130 395 2172 se
410 2115 506 2174 omnis
522 2113 624 2190 culpae
645 2119 805 2182 exsortem,
829 2112 925 2172 omnis
941 2117 1061 2171 eventus

105 2194 276 2271 participem
289 2193 362 2264 lore,
375 2194 500 2264 diceret;
512 2194 633 2262 videret,
646 2203 686 2266 nt,
699 2194 804 2272 quibus
814 2194 913 2272 lingua
925 2201 1060 2273 prompte

106 2293 140 2336 ac
153 2279 324 2352 temeraria,
340 2295 433 2357 aeque
448 2279 591 2357 inpugna
607 2279 739 2356 vigerent
753 2295 866 2338 manus.

169 2357 252 2422 XLV.
281 2359 356 2421 llum
371 2360 608 2423 altercationibus
628 2363 721 2440 magis
735 2379 822 2441 quam
843 2358 972 2421 consiliis
988 2365 1088 2421 tem-1

106 2462 161 2522 pus
174 2444 294 2513 teritur,
309 2443 455 2506 Hannibal
470 2463 505 2506 ex
519 2447 595 2516 acie,
611 2463 698 2524 quam
714 2445 750 2505 ad
765 2443 889 2504 multum
904 2443 962 2503 diei
976 2452 1060 2504 tenu·

107 2533 171 2586 erat
192 2528 379 2599 instructam,
403 2545 469 2590 cunr
490 2531 521 2592 in
541 2536 637 2590 castra
652 2535 765 2589 ceteras
786 2528 935 2606 reciperet
953 2528 1060 2606 copias,

108 2609 247 2671 Numidas
262 2611 297 2672 ad
315 2611 494 2674 invadendos
510 2631 546 2673 ex
564 2611 728 2673 minoribus
744 2612 847 2673 castris
860 2610 1088 2672 Romanorumn

10 2715 12 2734 ,
108 2701 262 2773 aquatores
275 2701 357 2756 trans
375 2695 483 2756 llumen
506 2697 603 2757 mittit.
635 2713 723 2774 quam
745 2693 926 2756 inconditam
945 2693 1089 2754 corbana

109 2795 174 2839 cum
195 2778 311 2839 vixdum
335 2781 366 2839 in
388 2781 484 2858 ripam
498 2781 609 2858 egressi
625 2778 754 2840 clamore
769 2795 804 2838 ac
820 2777 946 2838 tumultu
963 2777 1060 2856 fugas·

11 2941 12 2944 ¹
109 2869 184 2932 sent,
207 2862 238 2922 ln
258 2864 414 2926 stationem
429 2882 546 2944 quoque
565 2881 620 2943 pro
640 2861 715 2923 vallo
735 2861 860 2924 locatam
877 2869 964 2943 atque
982 2864 1062 2942 ipsas

10 2947 11 2950 ’
109 2961 199 3022 prope
223 2953 324 3024 portas
345 2949 437 3008 evecti
457 2955 535 3010 sunt.
575 2947 606 3008 id
619 2964 689 3008 vere
712 2947 866 3026 indignum
890 2949 998 3016 vuum,
1026 2945 1090 3005 aba

10 3071 14 3090 .
109 3024 296 3087 tumultuario
308 3030 414 3090 auxilio
436 3033 494 3092 iam
515 3033 602 3092 etiam
622 3038 716 3092 castra
734 3030 866 3091 Romana
887 3030 1010 3098 terreri,
1031 3036 1064 3088 ut

12 3119 13 3150 i
109 3129 143 3172 ea
158 3108 246 3170 modo
267 3129 325 3172 une
341 3131 441 3183 causa,
462 3131 500 3172 ne
515 3113 661 3192 extemplo
680 3115 839 3174 transirent
862 3112 972 3172 lluinen
984 3110 1061 3170 deri-

112 3201 270 3274 gerentque
283 3196 390 3268 aciem,
407 3197 532 3258 tenuerit
546 3195 708 3266 Romanos,
725 3194 803 3276 quod
817 3213 931 3257 summa
945 3195 1062 3273 imperii

112 3297 145 3338 eo
165 3277 212 3339 die
232 3279 466 3357 penesPaulum
489 3279 587 3342 luerit.
633 3281 731 3358 itaque
757 3285 875 3358 postero
895 3278 943 3339 die
959 3279 1089 3350 Varroe

13 3365 14 3404 l
110 3365 156 3422 cui
175 3379 240 3424 sors
254 3363 318 3424 eius
332 3362 391 3424 diei
410 3364 528 3442 imperii
543 3370 619 3434 erat,
641 3361 714 3424 nihil
730 3361 862 3426 consulto
880 3360 1003 3441 conlega
1022 3362 1062 3422 si·

110 3462 197 3524 gnum
218 3447 372 3526 proposuit
390 3448 605 3528 instructasque
627 3447 724 3528 copias
743 3447 853 3510 [lumen
873 3445 1001 3510 traduxit
1014 3464 1060 3507 se·
