2542 3956
190 158 253 224 278
389 175 483 220 nmnu
496 175 573 218 1111.
589 174 659 222 oar.
675 161 718 220 to.
730 151 772 236 [a.
782 177 815 218 u.
826 177 852 218 c.
866 152 930 238 sat]

168 323 285 384 tbcstis
300 323 486 384 occurrisset.
525 322 577 385 (ln.
596 321 694 402 Scipio
716 330 871 403 postquam
890 325 1017 386 mouisse
1044 343 1082 388 ex
1105 325 1163 388 bi·

192 405 293 467 bernis
317 405 432 466 hostem
454 405 576 477 audivit,
598 406 697 485 primo
718 405 796 468 idem
814 405 929 468 consilii
948 408 1017 480 iuit;
1041 407 1161 471 deinde

192 491 289 551 minus
304 496 385 551 terra
399 497 522 570 propter
533 490 683 567 ingentem
694 488 803 550 lamam
816 507 960 552 novorum
972 491 1157 556 auxiliorum

193 590 372 636 concurrere
387 591 489 646 ausus,
511 571 625 634 delecto
644 571 737 634 milite
758 572 796 642 ad
810 591 899 634 naves
920 575 1049 654 inposito
1062 578 1159 656 quln-

194 675 251 737 que
278 665 307 720 et
331 659 451 736 triginta
475 657 592 719 navium
618 655 710 717 classe
732 658 778 718 ire
803 655 918 718 obviam
939 659 1017 720 hosti
1042 661 1159 737 pergit.

165 739 286 802 taltcro
306 740 342 802 ab
361 742 528 803 Tarracone
549 740 596 800 die
616 741 659 800 ad
677 741 833 802 stationem
854 741 958 803 decem
982 741 1063 802 milia
1084 759 1160 820 pas·

194 842 279 886 suum
301 824 457 888 distantem
481 824 517 886 ab
544 824 620 886 ostio
646 822 749 886 Hiberi
776 825 871 885 amnis
897 826 1040 904 pervenit
1081 822 1159 886 inde

195 908 269 969 duae
294 908 519 970 Massiliensium
554 904 768 987 speculatoriae
798 909 978 987 praemissae
1007 907 1159 970 rettulere
1248 941 1249 954 2

195 991 318 1053 classem
334 992 474 1053 Punicam
491 999 570 1052 stare
584 991 616 1050 in
630 991 705 1052 ostio
724 991 853 1052 iluminis
873 999 1027 1072 cmtraqne
1040 993 1073 1052 in
1087 993 1159 1071 ripa

167 1063 328 1163 limile!
335 1075 434 1156 itaque
453 1082 487 1136 ut
505 1074 676 1155 inprovidos
694 1076 886 1154 incautosque
905 1077 1043 1137 universo
1063 1073 1159 1138 simrul
1250 1105 1251 1146 p

137 1159 150 1167 ‘
195 1158 287 1220 eiiusu
300 1166 416 1220 terrore
434 1159 628 1238 opprimeret,
646 1157 768 1220 sublatis
783 1159 901 1220 ancoris
919 1158 956 1220 ad
972 1159 1090 1220 bostem
1105 1177 1158 1219 va-

196 1241 247 1302 dit.
282 1240 388 1304 multas
413 1251 443 1310 et
462 1242 533 1304 locis
555 1241 620 1304 altis
641 1243 751 1322 positas
777 1244 868 1304 turris
888 1243 1028 1321 Hispania
1052 1241 1156 1311 babet,

195 1317 302 1408 quibus
333 1335 363 1389 et
386 1326 515 1408 speculis
539 1334 569 1387 et
599 1325 829 1406 propugnaculis
857 1325 997 1388 adversus
1021 1325 1157 1388 latrones
1251 1349 1252 1366 1

163 1419 326 1475 tutuntur.
371 1411 440 1472 inde
462 1413 558 1491 primo
580 1411 746 1490 conspectis
765 1410 894 1471 bostium
915 1408 1038 1470 navibus
1052 1409 1158 1470 datum

196 1498 312 1576 signum
333 1495 509 1558 Hasdrubali
531 1501 588 1566 est,
618 1491 817 1584 tumultusque
836 1495 919 1573 prius
941 1494 973 1553 in
999 1501 1098 1554 terrra
1125 1501 1157 1552 et
1250 1497 1251 1500 ’

192 1582 301 1641 castris
315 1598 402 1658 quam
418 1578 454 1640 ad
469 1596 552 1639 mare
572 1585 602 1638 et
616 1577 652 1638 ad
668 1594 756 1638 naves
772 1583 816 1637 est
837 1584 933 1645 ortus,
947 1576 1089 1648 ,nondum
1105 1582 1157 1636 aut

197 1661 283 1741 pulsu
293 1681 443 1723 remorum
459 1661 642 1740 strepituque
658 1659 715 1720 alio
730 1661 847 1722 nautico
867 1658 1004 1722 exaudito
1017 1666 1068 1720 aut
1084 1677 1157 1738 ape·

160 1753 188 1804 :8
199 1744 343 1806 rientibns
358 1745 479 1806 classem
496 1744 724 1822 promunturiis,
746 1761 813 1804 cnm
831 1751 955 1824 repente
975 1761 1065 1822 eques
1080 1741 1157 1804 alius
1253 1743 1254 1760 ²

198 1846 288 1907 super
303 1827 392 1888 alium
410 1826 446 1888 ab
467 1825 650 1888 Hasdrubale
670 1827 776 1888 missus
796 1845 885 1906 vagos
907 1828 939 1887 in
959 1825 1047 1888 litore
1071 1828 1156 1906 qnie-

198 1919 302 1992 tosque
322 1913 354 1972 in
376 1912 511 1973 tentoriis
536 1911 611 1980 suis,
641 1909 714 1970 nibil
738 1911 836 1974 minus
863 1929 951 1991 quam
974 1911 1091 1972 bostem
1106 1919 1159 1971 aut

200 1995 346 2076 proelium
362 2014 396 2056 eo
414 1995 462 2058 dia
477 1995 673 2074 expectantis,
698 1993 898 2056 conscendere
918 2011 1007 2054 naves
1025 2011 1157 2073 propere

201 2088 287 2158 atque
307 2097 389 2140 arma
411 2097 517 2159 capere
537 2078 631 2139 iubet:
663 2076 787 2139 classem
807 2078 969 2140 Romanam
992 2078 1052 2138 iam
1077 2077 1157 2138 haud
1254 2091 1255 2098 ¹

173 2160 305 2241 eprocul
330 2169 418 2240 portu
441 2180 514 2224 esse.
543 2162 617 2222 haee
632 2163 744 2241 equites
761 2161 874 2224 dimissi
897 2162 1007 2240 passim
1026 2161 1156 2240 impera·

200 2246 287 2314 banl;
314 2264 382 2307 mox
408 2243 573 2306 Hasdrubal
599 2246 663 2324 ipse
686 2263 754 2306 cum
783 2247 864 2306 omni
889 2245 1020 2306 exercitu
1044 2244 1156 2313 aderat,

202 2331 340 2408 varioque
352 2331 448 2390 omnia
463 2327 589 2390 tumultu
599 2335 735 2408 strepunt
750 2327 903 2389 ruentibus
916 2330 949 2388 in
963 2345 1050 2388 naves
1067 2326 1156 2388 simul

203 2413 364 2491 remigibus
378 2412 579 2490 militibusque
594 2412 767 2490 fugientium
784 2413 878 2489 magis
895 2418 1006 2472 eterra
1022 2428 1111 2490 quem
1125 2412 1156 2471 in

149 2503 334 2577 -10pugnam
352 2497 483 2558 euntium
506 2495 603 2557 modo.
644 2494 763 2556 vixdum
786 2513 888 2556 omnes
913 2494 1156 2564 conscenderant,

203 2599 271 2642 cum
283 2580 333 2640 alii
346 2579 482 2641 resolutis
499 2581 559 2640 oris
573 2581 604 2638 in
619 2595 742 2640 ancoras
756 2579 849 2640 evecti
862 2586 1016 2648 tenentur,
1033 2577 1098 2648 alii,
1119 2594 1156 2638 na

203 2663 272 2744 quid
285 2670 395 2733 teneat,
412 2662 558 2725 ancoralia
569 2662 716 2733 incidunt,
728 2665 893 2742 raptimque
906 2664 1003 2723 omnia
1013 2679 1156 2742 praepro-

203 2766 275 2826 pere
281 2747 401 2824 :agendo
413 2746 538 2808 militum
547 2749 811 2825 apparatunantica
823 2747 986 2808 ministeria
999 2744 1156 2825 inpediun-

204 2837 266 2898 tur,
291 2829 486 2907 trepidatione
505 2837 661 2892 nautarum
677 2848 784 2910 capere
805 2837 836 2892 et
852 2838 953 2912 aptare
975 2849 1056 2891 arma
1073 2829 1155 2892 miles

155 2919 192 2972 *11
205 2910 389 2994 prohibetur.
419 2920 450 2972 et
465 2915 524 2973 iam
541 2914 689 2975 Romanus
708 2932 768 2976 non
791 2913 1044 2996 appropinquabat
1060 2912 1151 2976 mode

204 2996 256 3059 sed
276 2995 432 3057 derexerat
451 2997 537 3056 etlam
565 2997 596 3057 in
622 3014 751 3076 pugnam
775 3017 873 3062 naves.
911 3000 1010 3079 ltaque
1035 3015 1094 3060 non
1121 2996 1155 3058 ab

203 3083 291 3144 hoste
310 3088 340 3141 et
360 3080 473 3159 proelio
494 3083 587 3160 magis
605 3080 698 3142 Poeni
717 3102 805 3162 quam
824 3090 940 3144 suomet
961 3084 1018 3161 ipsi
1032 3079 1154 3142 tumultu

205 3165 315 3227 turbati
332 3161 388 3246 [et]
412 3172 549 3246 temptata
571 3167 668 3228 verius
688 3185 787 3246 pugna
813 3185 899 3246 quam
921 3168 993 3228 inita
1014 3167 1045 3226 in
1059 3164 1153 3242 lugam

165 3252 197 3307 12
209 3255 377 3310 averterunt
393 3248 524 3312 classem.
560 3257 589 3312 et
607 3269 673 3312 cum
690 3251 804 3314 adversi
818 3253 913 3312 amnis
929 3268 962 3312 os
976 3249 1035 3310 lato
1051 3249 1154 3326 agmini

206 3339 237 3391 et
251 3338 311 3392 tam
327 3331 428 3394 multis
445 3331 532 3394 simul
547 3333 732 3394 venientibus
745 3333 824 3396 baud
834 3353 905 3396 sane
919 3331 1058 3394 intrabile
1072 3339 1153 3400 esset,

208 3418 236 3470 in
256 3419 320 3476 litus
335 3413 444 3490 passim
459 3433 548 3477 naves
568 3431 709 3494 egerunt.
732 3426 820 3498 atque
846 3416 896 3479 alii
912 3416 992 3479 vadis
1013 3413 1062 3478 alii
1081 3415 1155 3476 sicco
