2546 3936
207 182 270 244 144
360 195 454 236 braun
468 195 511 235 11.
524 191 593 235 one.
607 177 654 232 43.
664 177 708 226 44.
729 165 769 249 [e.
780 190 812 230 u.
828 189 855 228 o.
869 172 931 224 449.
945 163 1010 247 450]

164 341 328 422 republica
344 342 466 420 inpensa
488 341 591 400 iactae.
620 345 650 398 et
671 355 738 396 cum
754 333 1043 412 Carthaginiensibus
1065 335 1174 398 eodem

208 445 285 488 anno
302 426 403 486 loedus
418 427 505 486 tertio
518 431 703 491 renovatum,
721 419 881 498 legatisque
893 438 1010 488 eorum,
1027 421 1078 498 qui
1089 419 1126 479 ad
1141 420 1174 482 id

100 505 104 514 '
208 519 361 579 venerant,
381 512 504 570 comiter
520 524 643 566 munera
658 506 755 567 missa.
954 562 962 578 ‚
1255 503 1256 510 ’

182 602 194 652 1
271 594 367 654 llblV.
407 595 586 654 Dictatorem
609 590 686 648 idern
708 605 802 648 annus
821 586 924 647 babuit
944 587 976 647 P.
1001 587 1174 650 Cornelium
1256 621 1257 678 3

176 679 376 756 escipionem
394 695 461 737 cum
477 676 617 751 magistro
634 674 764 750 equitum
780 672 812 732 P.
827 667 919 731 Decio
935 671 1026 730 llure.
1063 671 1099 731 ab
1114 673 1173 748 his,

208 772 331 840 propter
361 778 436 838 quae
462 759 554 819 creati
587 764 686 823 erant,
721 757 838 814 comitia
865 755 1028 814 consularia
1060 755 1172 828 habita,

208 849 275 924 quia
292 855 397 906 neuter
412 842 565 902 consulum
581 847 738 918 potuerant
752 838 831 899 bello
849 838 960 899 abesse.
991 841 1082 898 creati
1099 858 1173 900 con·

177 930 286 990 311111
308 929 340 988 L.
363 926 530 988 Postumius
551 925 595 984 Ti.
620 924 772 984 llinucius.
810 924 864 983 bos
892 923 1026 982 consules
1050 924 1117 983 Piso
1135 924 1171 996 Q.

209 1013 298 1074 Fabio
313 1020 341 1070 et
351 1010 383 1070 P.
397 1010 486 1069 Decio
498 1007 628 1084 suggerit
641 1006 760 1066 biennio
772 1016 924 1084 exempto,
943 1026 1001 1084 quo
1016 1007 1172 1068 Claudium

210 1095 455 1171 Volumniumque
476 1100 505 1151 et
521 1089 689 1152 Cornelium
714 1109 781 1150 curn
796 1091 905 1151 llarcio
927 1091 1062 1150 consules
1077 1091 1173 1152 iactos

176 1177 391 1238 etradidimus.
428 1177 610 1236 memoriane
632 1175 741 1250 lugent
766 1176 798 1234 in
821 1174 974 1234 annalibus
1000 1175 1173 1250 digerendis

208 1280 246 1322 an
268 1260 401 1321 consulto
422 1259 508 1320 binos
529 1257 681 1329 consules,
701 1258 789 1319 salsos
816 1266 914 1327 ratus,
943 1257 1170 1329 transcenderit,

208 1346 355 1406 incertum
371 1353 425 1404 est.
752 1376 754 1383 ι
1259 1355 1260 1368 1

177 1436 196 1486 o
270 1430 381 1490 Eodem
397 1446 474 1490 anno
489 1428 519 1486 in
537 1444 672 1505 campum
687 1425 836 1487 Stellatem
851 1421 914 1502 a‘gri
930 1425 1069 1503 Campani
1085 1425 1171 1486 Sam·

174 1516 312 1574 16111111111
327 1515 511 1572 incursiones
526 1512 630 1570 iactae.
660 1513 760 1587 itaque
775 1509 863 1570 ambo
885 1511 1020 1568 consules
1034 1511 1065 1567 in
1084 1510 1171 1570 Sam·
1260 1589 1261 1594 η

208 1600 291 1658 nium
307 1597 397 1656 missi.
430 1614 497 1655 curn
509 1593 638 1654 diversas
649 1594 800 1670 regiones,
820 1593 973 1652 Tifernum
993 1594 1170 1664 Postumius,

207 1681 368 1742 Bovianum
384 1679 528 1738 Minucius
543 1679 677 1755 petisset,
706 1677 837 1736 Postumi
857 1678 938 1754 prius
961 1678 1050 1736 ductu
1067 1676 1104 1736 ad
1120 1677 1171 1737 'Pi-

179 1763 325 1822 'tiernum
350 1769 522 1839 pugnatum.
560 1760 609 1820 alii
634 1759 712 1820 baud
738 1759 826 1820 dubie
847 1761 993 1821 Samnites
1018 1763 1110 1820 victos
1136 1779 1172 1822 ae

178 1847 310 1923 aviginti
330 1845 410 1905 milia
435 1844 588 1904 bominum
616 1853 700 1923 capta
728 1843 861 1915 uadunt,
889 1844 938 1903 alii
953 1845 1045 1903 llarte
1074 1861 1171 1923 aequo

208 1928 383 1997 discessum,
399 1936 428 1990 et
444 1928 623 1988 Postumium
640 1937 750 1988 metum
762 1928 946 1988 simulantem
964 1937 1109 1988 nocturno
1122 1930 1171 1989 iti-

208 2031 280 2074 nere
295 2013 370 2072 clam
385 2013 416 2072 in
431 2021 547 2072 montes
562 2014 661 2090 copias
676 2012 848 2082 abduxisse,
864 2013 964 2072 hostes
979 2021 1096 2072 secutos
1111 2011 1171 2073 duo
1262 2013 1263 2024 ¹

177 2096 286 2156 emilia
309 2097 377 2156 inde
398 2096 472 2156 locis
492 2098 612 2156 munitis
632 2103 662 2157 et
689 2099 772 2175 ipsos
795 2096 971 2156 consedisse.
1012 2095 1117 2156 consul
1138 2105 1172 2158 ut

207 2182 309 2241 stativa
325 2188 387 2240 tuta
403 2181 579 2259 copiosaque
598 2213 634 2224 —
655 2188 684 2241 et
705 2183 745 2242 ita
760 2189 845 2240 erant
867 2214 902 2224 -
927 2182 1034 2258 petisse
1056 2180 1171 2241 ridere·

209 2272 266 2334 tur,
281 2272 436 2342 postquam
452 2270 482 2323 et
493 2266 685 2325 munimentis
696 2272 791 2326 castra
806 2265 931 2325 firmavit
945 2275 974 2324 et
985 2266 1066 2324 omni
1079 2283 1169 2344 appa·

168 2354 200 2405 10
210 2357 276 2410 ratu
298 2367 398 2408 rerum
419 2347 534 2408 utilium
552 2349 706 2417 instruxit,
733 2347 836 2409 relicto
856 2349 941 2408 firmo
966 2348 1113 2425 praesidio
1133 2349 1170 2409 de

207 2430 304 2509 vigilia
322 2433 423 2500 tortia,
441 2450 497 2511 qua
512 2431 580 2491 duci
593 2433 729 2509 proxime
743 2440 855 2510 potest,
872 2431 1021 2508 expeditas
1037 2431 1170 2508 legiones

166 2520 196 2572 11
210 2514 246 2577 ad
262 2514 403 2599 collegam
417 2524 446 2576 et
465 2517 561 2592 ipsum
584 2514 723 2574 adversus
743 2514 815 2575 alios
836 2515 988 2576 sedentem
1010 2515 1101 2577 ducit.
1129 2515 1171 2576 ibi

209 2610 329 2660 auctore
345 2599 493 2658 Postumio
509 2599 653 2658 Minucius
669 2617 735 2658 cum
751 2599 884 2660 hostibus
899 2600 981 2675 signa
998 2600 1124 2677 coniert,
1141 2607 1170 2660 et

209 2701 276 2744 eum
300 2701 408 2760 anceps
430 2681 577 2760 proelium
599 2681 770 2742 tumultum
797 2681 856 2742 diei
872 2685 1079 2760 processisset,
1106 2691 1169 2744 tum

207 2766 376 2826 Postumius
388 2768 511 2841 integris
522 2765 687 2843 legionibus
699 2766 844 2826 defessam
855 2768 913 2826 iam
929 2768 1021 2824 aciem
1039 2767 1167 2831 bostium

167 2855 199 2905 12
209 2850 358 2926 inproviso
376 2849 495 2909 invadit.
525 2850 623 2927 itaque
642 2868 708 2910 cum
725 2849 864 2910 lassitudo
880 2868 914 2910 ac
932 2848 1052 2909 vulnera
1069 2849 1168 2928 lugam

208 2949 326 3011 quoque
337 2931 571 3009 praepedissent,
589 2933 741 2992 occidione
750 2935 838 2994 occisi
851 2934 964 3000 hostes,
980 2935 1063 3010 signa
1077 2951 1167 2996 unum

208 3023 238 3077 et
252 3015 354 3091 viginti
370 3022 467 3092 capta,
484 3025 571 3094 atque
586 3017 655 3076 inde
677 3016 713 3076 ad
729 3024 824 3077 castra
838 3018 968 3078 Postumi
989 3027 1165 3092 perrectum.

165 3099 251 3160 131111
272 3100 329 3159 duo
349 3099 474 3158 victores
494 3100 640 3160 exercitus
662 3100 831 3182 perculsum
859 3103 917 3161 iam
946 3100 1022 3160 lerna
1052 3101 1168 3162 bostem

207 3183 305 3244 adorti
324 3181 451 3243 tundant
476 3183 650 3262 fugantque:
674 3187 757 3263 signa
778 3184 914 3244 militaria
940 3201 990 3243 ser
1016 3193 1045 3242 et
1068 3185 1168 3262 viginti

207 3276 291 3345 capta
308 3278 337 3329 et
351 3268 511 3345 imperator
525 3269 699 3330 Samnitium
715 3270 823 3329 Statius
835 3268 945 3328 Gellius
961 3267 1104 3346 multique
1119 3268 1169 3328 alii

167 3349 347 3412 ldmortales
368 3357 397 3409 et
415 3361 510 3410 castra
526 3362 649 3431 utraque
672 3362 764 3430 capta.
800 3361 830 3412 et
844 3352 1003 3412 Bovianum
1021 3351 1093 3410 urbs
1114 3371 1166 3430 po·

208 3439 288 3492 staro
317 3434 364 3500 die
392 3444 496 3513 coepta
525 3439 690 3514 oppugnari
724 3435 808 3496 brevi
839 3436 968 3512 capitur,
1001 3453 1169 3517 magnaque
