2526 3940
346 241 598 290 niscuurtnmtrt
623 241 847 292 scutr'ruuss.
995 238 1080 286 xxix

117 329 172 372 nro.
188 328 243 371 vm.
257 328 293 378 ra,
307 329 319 368 e
333 349 357 358 -
370 328 402 378 rs,
416 329 436 369 a.

113 399 202 464 futare
213 399 313 448 uidetur
323 397 471 462 apameam.
485 413 508 449 u.
522 412 544 448 c.
556 397 602 454 22.
614 395 646 448 9.·
663 398 795 462 oppositus,
808 411 831 445 c.
842 393 888 453 23,
902 391 946 452 13,
959 393 993 456 cs.
1004 391 1080 444 utos

118 466 184 514 Hal.
197 463 235 522 15,
249 464 291 520 14,
302 465 366 528 sort.
379 479 421 529 per
434 465 567 516 Cornelium
580 473 731 528 compertum,
746 462 827 527 cfi‘li,
840 459 880 518 26.
893 459 917 518 5,
933 459 1005 510 loia.
1016 459 1081 512 att:

116 535 218 582 miserat
231 529 292 595 (erat
303 531 380 592 Pali.)
393 545 473 581 romae
484 539 629 596 compertum
645 533 764 581 corneiius
776 529 794 579 Ι
805 531 863 584 ull„-
875 543 954 578 romae
966 534 1080 590 comperi.

115 600 171 650 del.
185 597 239 654 Si,-
255 599 352 647 miserat
368 600 462 648 iuterim
473 612 553 648 romae
565 605 708 663 compertum
721 597 780 654 Kl.‚·
797 597 892 646 miserat
903 608 1002 646 romam.
1015 607 1080 642 com·

116 673 212 728 pentum
225 666 348 716 Cornelius
361 664 475 718 Ursinus.
489 662 495 730 Ι
509 663 534 717 3.
552 666 583 715 eu
595 666 707 716 samnites
724 680 773 714 one.
785 663 831 714 Kl.
847 660 853 724 Ι
867 662 954 712 bellum
967 675 1012 712 em.
1026 659 1061 710 A.
1075 660 1080 676 '

116 733 146 784 4.
164 732 300 795 pugnabant
312 730 357 783 ct.
372 728 378 793 Ι
391 730 415 784 5.
433 732 509 782 ninum
521 731 557 782 H.
574 729 618 794 16.
636 733 708 782 urrisis
721 730 760 787 Α,
778 730 854 780 unicis
867 727 895 778 0.
910 725 1080 792 imposuerim·

119 798 156 854 0,
173 799 305 862 inposuerit
319 812 371 849 ccc.
387 798 392 862 Ι
407 800 553 849 coloniorum
566 797 591 848 1.
607 799 611 860 Ι
626 799 650 848 t.
669 800 692 848 ni
711 800 757 849 sibi
774 798 804 847 ab
822 797 860 846 hia
871 793 932 851 Ao,
949 794 996 844 nisi
1009 795 1038 843 ab
1050 794 1082 842 iis

115 867 170 919 (nel
181 867 202 914 is
213 867 253 914 aet
268 863 325 926 hiis)
342 866 372 914 Η
382 864 426 915 Kt
440 868 495 921 all..
514 867 538 915 iri
550 866 580 915 ab
593 867 630 914 inis
645 866 660 915 l
670 881 702 915 m.
715 864 738 915 1.
755 863 760 925 Ι
774 862 799 913 8.
816 863 872 914 belii
890 862 984 912 deceret
995 860 1019 910 1.
1035 859 1041 922 Ι
1055 858 1080 912 a.

118 929 260 992 reginem,
272 932 307 993 cs.
320 929 445 990 30,32‚2,·
457 940 521 994 regat
533 935 573 982 rll.
590 932 595 996 Ι
611 931 651 986 10.
659 933 733 982 iestis
742 927 1005 985 uocasseutAGIrcc„
1015 926 1079 989 furt.

116 1003 199 1048 recte.
214 995 220 1060 Ι
234 998 353 1048 duxissent
361 1000 453 1049 deinde
465 1013 538 1049 mann
549 1002 691 1050 recentiore
702 999 812 1063 margini
821 997 977 1059 adscriptum
988 1001 1023 1045 est
1035 994 1081 1044 itu·

118 1079 161 1114 ros
173 1079 199 1113 se
211 1066 417 1128 respondissentA
423 1083 433 1122 ‚·
445 1066 565 1116 duxissent
577 1063 701 1129 (dixissent
711 1065 757 1116 ΙΙΙ
765 1062 819 1128 all.)
832 1065 906 1115 ituros
918 1077 970 1112 esse
982 1075 1080 1125 respon·

118 1132 213 1181 dissent
229 1131 250 1181 0
264 1132 313 1180 Dr.
331 1132 380 1182 tte.
398 1148 494 1191 omnes,
517 1139 545 1183 nt
560 1135 586 1183 in
603 1133 628 1182 Α
647 1135 735 1198 potius
756 1133 891 1181 taceamne
907 1131 999 1180 uariare
1015 1142 1079 1178 ease.

117 1214 174 1247 cum
185 1199 366 1262 aipmficaaaem
381 1215 431 1250 non
443 1200 504 1250 bene
516 1201 654 1251 coiamre
667 1214 732 1264 quae
743 1203 895 1264 aequentur.-
910 1198 958 1246 iam
968 1195 1080 1246 Publilius

118 1273 183 1319 etc..
200 1279 253 1314 cum
264 1266 308 1323 iia,
326 1281 391 1330 quae
400 1267 572 1383 praeconat,
590 1267 703 1332 Madvig.
715 1265 771 1318 Em.
787 1262 835 1314 tus
852 1270 928 1316 roten
937 1262 1024 1326 folium
1036 1277 1078 1310 ar·

118 1331 223 1397 clietypi
232 1332 342 1396 periisse
351 1347 403 1397 pro
419 1349 465 1384 cre
478 1340 582 1384 conatus
597 1341 645 1383 eet.
662 1335 689 1382 in
706 1346 737 1383 eo
748 1337 829 1383 uestem
840 1331 869 1380 id
879 1337 949 1380 certe
960 1329 1081 1392 scriptum

117 1413 177 1448 crae
188 1413 237 1449 non
248 1401 343 1462 potuit,
356 1399 443 1449 bellum
455 1399 609 1448 Samnitibus
620 1413 675 1448 ease
687 1400 813 1453 materam,
826 1397 894 1461 quod
904 1410 926 1444 c.
939 1395 980 1453 25,
993 1395 1009 1444 2
1021 1395 1082 1458 lepi-

118 1472 177 1521 tur,
194 1471 219 1514 et
230 1466 389 1528 Palaepolim
405 1465 518 1514 cbmderi
531 1471 646 1529 coeptum
663 1478 719 1514 esee
732 1459 756 1528 S.
769 1463 954 1526 lflpm‘lieatem
965 1467 1015 1518 eat,
1032 1462 1081 1510 itu·

119 1545 169 1594 que
184 1532 228 1580 esic
244 1531 379 1596 quidqumn
395 1531 466 1581 deest
486 1533 557 1581 atiud
572 1545 645 1597 quasa
661 1533 736 1594 finem
755 1531 852 1593 fectum
872 1543 928 1579 ease
949 1529 1080 1592 colloquio,

119 1597 203 1648 arttirm
213 1598 324 1662 papissae
335 1611 410 1648 aerae
425 1599 529 1655 miciaco,
545 1598 580 1660 cs.
592 1597 669 1649 Ilien.
682 1600 699 1646 t.
713 1599 729 1646 t.
743 1602 852 1646 ceterum
863 1595 945 1646 subite
957 1595 1081 1646 interdicta

118 1664 217 1714 Liniaaa
228 1665 264 1714 ad
274 1666 350 1714 alicae
359 1679 413 1714 rene
425 1665 613 1716 remeantia
624 1667 699 1716 docet
708 1680 731 1716 c.
745 1663 786 1720 22,
798 1665 827 1722 5,
845 1664 879 1725 cs.
890 1661 919 1721 9,
932 1660 977 1718 35,
992 1660 1019 1718 1,
1032 1663 1079 1712 ali·

118 1731 182 1794 quid
192 1747 215 1782 n.
222 1732 238 1780 l.
252 1730 376 1780 aerternae
387 1746 443 1782 ease
454 1733 503 1781 iarn
513 1732 534 1782 ii
543 1738 684 1788 senserunt,
697 1733 740 1796 qni
751 1733 777 1780 ia
789 1731 846 1782 edd.
857 1729 918 1780 Aac.
929 1729 999 1793 Meq.
1010 1731 1079 1790 tereti

119 1809 268 1847 romanorum
285 1807 334 1846 tum
351 1812 377 1847 se
436 1798 620 1863 responderunt.
637 1800 686 1848 iam
700 1800 754 1849 acri
771 1803 866 1849 emt.
883 1794 889 1859 Ι
903 1797 1044 1861 palaepoiim
1062 1797 1078 1846 Ι,

118 1864 282 1929 neapolimque
288 1863 322 1922 A,
335 1880 383 1930 qen
393 1867 455 1930 qnid
464 1866 590 1916 indicetur
598 1880 648 1916 non
654 1871 736 1929 putet.
752 1815 919 1930 suspolimqne
929 1863 958 1914 G.
974 1867 978 1924 Ι
993 1877 1078 1927 oppor-

118 1939 175 1980 tunn
186 1931 347 1983 matliulser.
363 1932 368 1994 Ι
384 1930 424 1984 11.
438 1933 516 1996 itaque
527 1948 581 1983 caan
592 1939 652 1983 note
663 1934 768 1996 marpin.
777 1931 895 1986 ALouui
904 1930 1077 1994 srqstcaerc.

119 1993 124 2058 Ι
139 2013 209 2048 eum.
222 1997 270 2047 rt]
280 1999 322 2050 all.
337 1997 342 2058 Ι
357 2005 396 2049 aut
407 2001 578 2064 rempublicam
587 2000 631 2051 Kl.
646 1997 651 2060 Ι
669 1997 707 2050 12.
721 2005 814 2048 auctum
823 1998 867 2050 itt.
883 1999 889 2061 Ι
901 2013 924 2064 q
938 1997 1030 2060 pubiius
1044 1995 1079 2051 0,·

119 2065 213 2126 publius
224 2066 265 2120 A,-
276 2065 388 2128 publilius
400 2065 448 2118 Dr.
461 2065 522 2122 the..
535 2067 594 2118 edd.
607 2083 632 2117 a.
644 2067 688 2116 Al.
704 2062 709 2130 Ι
723 2073 788 2128 reret
800 2066 836 2116 A.
852 2062 857 2130 Ι
873 2063 913 2115 13.
931 2064 1020 2113 corneli
1038 2065 1077 2127 qni

118 2139 173 2181 ante
185 2131 237 2181 euru
249 2133 343 2195 quidem
350 2132 385 2183 A.
402 2132 406 2197 Ι
420 2133 528 2183 inclinat.
544 2132 549 2196 Ι
566 2132 605 2183 tt.
619 2135 642 2184 iu
656 2134 827 2184 discussionem
836 2132 854 2182 I
861 2147 912 2184 ree.
927 2130 933 2195 Ι
949 2129 988 2183 15.
999 2131 1079 2180 oriens

119 2197 178 2247 Art.
189 2197 331 2255 rtuteutm,·
342 2201 423 2250 ericus
433 2200 463 2250 tie
471 2201 519 2250 Dr.
531 2199 620 2256 Creo,-
632 2201 729 2250 oriende
742 2199 802 2255 lte,-
813 2199 973 2252 ementerii:
985 2199 1079 2248 ineunte

119 2263 156 2316 Sl.
172 2261 177 2329 Ι
192 2266 329 2329 priuatimre
340 2267 374 2318 A.
390 2266 394 2330 Ι
410 2269 523 2332 scriptum
537 2282 589 2316 esse
601 2266 622 2317 0
632 2263 686 2330 (Η)
698 2282 764 2324 rcc,
777 2267 890 2330 scriptum
901 2263 1029 2329 (scribtum
1041 2261 1078 2324 A)

119 2339 181 2381 esset
192 2331 237 2381 ΑΙ
248 2346 316 2388 rcc..
333 2333 420 2398 Μάνῃ.
432 2332 489 2383 Em.
502 2336 520 2384 l.
532 2335 548 2386 t.
565 2331 570 2396 Ι
586 2330 626 2384 16.
644 2334 683 2394 qui
696 2334 759 2383 dieat
770 2332 797 2381 Ι.
812 2330 818 2395 Ι
832 2333 938 2382 diuinare
950 2330 984 2380 A.
1000 2327 1005 2393 Ι
1020 2344 1079 2381 cen·

118 2399 177 2447 sutis
193 2398 220 2447 1.
236 2400 242 2456 Ι
261 2413 372 2462 appetere
388 2399 421 2450 A.
438 2402 444 2461 Ι
464 2398 504 2452 17.
523 2408 600 2450 tamen
617 2400 689 2455 ccc..
706 2413 853 2466 qwnquam
868 2397 963 2450 menni
976 2396 1079 2460 frustra

118 2463 297 2515 ebmteicntur
310 2467 338 2515 in
353 2467 480 2518 dietmare
493 2467 615 2532 plebiae,
637 2473 718 2517 tarsen
734 2467 763 2516 id
777 2469 888 2517 aneceti
901 2471 971 2523 sunt,
987 2471 1017 2516 set
1028 2479 1078 2528 pa·

119 2539 234 2583 trenaee
250 2533 375 2613 megierent
389 2536 464 2584 aliaeu
480 2536 628 2585 dictatorem
645 2534 698 2584 dici
711 2533 811 2590 tubere,
828 2536 876 2584 secl
890 2549 933 2584 res
948 2532 985 2581 ud
999 2533 1078 2581 ieter·

118 2597 1078 2733 513555515515Ιῖ1513.51·.ΙΙΙ”5’1“ΙΙ.ΞΙΎ5Ῑ

118 2735 230 2791 ritiannnn
241 2734 278 2784 A.
290 2729 302 2798 ΙΙ
318 2735 359 2794 lt
374 2733 397 2785 1.
415 2735 575 2800 egiptopetiitr'n
593 2734 627 2785 A.
644 2733 648 2797 Ι
664 2734 770 2784 dodonec
782 2733 818 2785 H.
834 2731 839 2799 Ι
853 2735 877 2785 2.
895 2733 1026 2783 acrensiam
1039 2731 1077 2789 A;

119 2801 249 2850 accersiam
261 2801 305 2850 HI
309 2819 319 2859 ,·
328 2804 434 2854 aceresia
442 2801 487 2855 Kl.
503 2801 507 2865 Ι
524 2804 593 2852 iactis
603 2801 631 2852 θ.
646 2805 651 2859 Ι
666 2800 690 2851 3.
702 2802 832 2852 transmisit
842 2801 918 2854 cor.
928 2798 991 2853 libr
1000 2805 1065 2850 tram

119 2870 212 2918 misisse
223 2867 257 2917 A.
274 2864 279 2932 Ι
294 2866 318 2920 5.
330 2870 459 2920 acheronte
471 2869 514 2919 ,42
524 2885 590 2927 rec..
603 2870 728 2919 acuerente
739 2867 806 2918 Alc
814 2884 876 2925 rec..
889 2869 1017 2919 acheronte
1029 2865 1055 2916 I.

118 2931 265 2998 molestamur
278 2933 449 2998 &detinentem
467 2935 544 3000 ΗΙ.Ι
564 2937 722 3001 thesprotiuus
738 2934 764 2985 A
782 2937 844 2987 Lon.
861 2935 887 2988 si.
906 2934 912 2997 1
931 2935 956 2986 4.
975 2934 1076 2983 celemm

118 3009 142 3050 ut
153 3002 216 3052 Lon.
228 3001 259 3059 4,
271 3003 301 3059 2,
319 3001 396 3054 Harl.
408 3004 438 3064 2,
450 3005 526 3060 edd.,·
543 3010 569 3052 ut
590 3011 693 3053 ceterum
704 3004 753 3054 mli.
768 3001 773 3063 Ι
787 3004 813 3054 4.
831 3004 958 3068 potentiam
975 3001 1076 3064 scripsi,

119 3070 187 3132 qaod
195 3083 222 3118 eu
230 3068 332 3118 Lucanis
340 3071 489 3135 aequitum.
497 3070 688 3129 wemmam:
697 3071 887 3122 consentiamrll.
898 3069 902 3133 Ι
915 3071 1077 3135 sipontumque

125 3154 141 3182 a
159 3154 175 3183 a
187 3135 343 3197 Bruttium,
360 3138 459 3188 ridetur
470 3138 568 3203 aliquid
577 3139 666 3188 deesse
682 3143 727 3186 aut
738 3137 861 3186 twbctum
873 3151 936 3187 ease.
953 3135 1001 3202 lac
1010 3137 1076 3185 Teri-

118 3215 172 3250 nam
188 3200 233 3259 St,-
249 3203 394 3252 acrentinam
411 3203 453 3260 A:
468 3206 587 3254 acerinam
605 3203 733 3259 0H1K1.,·
746 3205 817 3254 Cous.
830 3218 856 3253 ex
870 3205 896 3256 i..
909 3204 1077 3266 Sipontumque

118 3269 259 3319 Bruttiorum
276 3270 432 3330 Argentanum
448 3286 476 3321 ac
493 3273 615 3329 Terinam,
631 3272 672 3320 uel
739 3271 906 3334 Sipontumque
921 3284 949 3318 ac
966 3270 1075 3319 Terinam

118 3335 259 3386 Bmttiomm
268 3334 328 3389 At.-
344 3337 556 3402 lletapontunnqne‚
567 3337 716 3388 Consentiam
729 3337 869 3386 Bruttiorum
881 3350 908 3386 en
920 3337 1022 3386 Lucanis
1034 3351 1075 3386 eo·

118 3403 206 3452 inuiam
218 3402 343 3452 Asarinum
361 3402 458 3456 Ulmer.
471 3406 488 3454 l.
501 3406 517 3454 l.
533 3402 612 3459 1318:
628 3405 829 3467 itotapoutumque
842 3418 867 3453 cr
881 3404 996 3458 Lucanis.
1008 3404 1075 3453 Brut·

117 3469 203 3519 tiorum
215 3469 367 3520 Consentiam
378 3486 407 3521 ac
419 3471 528 3521 Terinam
537 3470 660 3520 Hoerner
671 3470 730 3532 cpit.
741 3470 807 3526 Ha..
820 3485 846 3520 er
859 3472 960 3520 Lucanis
972 3477 997 3520 et
1008 3471 1075 3519 Brut·

117 3535 203 3586 tiorum
215 3535 266 3586 del.
280 3535 343 3594 Hx..
360 3537 425 3600 fert.
487 3539 654 3603 Sipontumque
666 3537 791 3601 Apulorum
805 3545 827 3586 et
840 3539 990 3587 Consentiam
1002 3537 1074 3586 Brutt.
