<?xml version="1.0" encoding="UTF-8"?>
<!DOCTYPE html PUBLIC "-//W3C//DTD XHTML 1.0 Transitional//EN"
    "http://www.w3.org/TR/xhtml1/DTD/xhtml1-transitional.dtd">
<html xmlns="http://www.w3.org/1999/xhtml" xml:lang="en" lang="en">
 <head>
  <title>
</title>
<meta http-equiv="Content-Type" content="text/html;charset=utf-8" />
  <meta name='ocr-system' content='tesseract 3.04.00' />
  <meta name='ocr-capabilities' content='ocr_page ocr_carea ocr_par ocr_line ocrx_word'/>
</head>
<body>
  <div class='ocr_page' id='page_1' title='image "./aburbeconditali08livygoog_0160.png"; bbox 0 0 2532 3938; ppageno 0'>
   <div class='ocr_carea' id='block_1_1' title="bbox 163 163 940 251">
    <p class='ocr_par' dir='ltr' id='par_1_1' title="bbox 163 163 940 251">
     <span class='ocr_line' id='line_1_1' title="bbox 163 163 940 251; baseline -0.008 -22"><span class='ocrx_word' id='word_1_1' title='bbox 163 175 201 236; x_wconf 86' lang='lat'><strong>10</strong></span> <span class='ocrx_word' id='word_1_2' title='bbox 335 188 428 229; x_wconf 75' lang='lat' dir='ltr'><strong>ursus</strong></span> <span class='ocrx_word' id='word_1_3' title='bbox 442 187 498 229; x_wconf 83' lang='lat' dir='ltr'><strong>vn.</strong></span> <span class='ocrx_word' id='word_1_4' title='bbox 515 186 582 228; x_wconf 78' lang='lat' dir='ltr'><strong>aar.</strong></span> <span class='ocrx_word' id='word_1_5' title='bbox 602 173 642 224; x_wconf 88' lang='lat'><strong>10.</strong></span> <span class='ocrx_word' id='word_1_6' title='bbox 659 163 699 251; x_wconf 82' lang='lat' dir='ltr'><strong>[a.</strong></span> <span class='ocrx_word' id='word_1_7' title='bbox 716 189 746 228; x_wconf 90' lang='lat' dir='ltr'><strong>u.</strong></span> <span class='ocrx_word' id='word_1_8' title='bbox 762 189 787 228; x_wconf 91' lang='lat' dir='ltr'><strong>c.</strong></span> <span class='ocrx_word' id='word_1_9' title='bbox 804 173 864 227; x_wconf 81' lang='grc'><strong>393.</strong></span> <span class='ocrx_word' id='word_1_10' title='bbox 878 164 940 248; x_wconf 76' lang='grc'><strong>394]</strong></span> 
     </span>
    </p>
   </div>
   <div class='ocr_carea' id='block_1_2' title="bbox 128 333 1118 581">
    <p class='ocr_par' dir='ltr' id='par_1_2' title="bbox 128 333 1118 581">
     <span class='ocr_line' id='line_1_2' title="bbox 159 333 1117 417; baseline -0.003 -19"><span class='ocrx_word' id='word_1_11' title='bbox 159 342 287 417; x_wconf 86' lang='lat' dir='ltr'><strong>perator,</strong></span> <span class='ocrx_word' id='word_1_12' title='bbox 301 342 382 396; x_wconf 88' lang='lat' dir='ltr'><strong>extra</strong></span> <span class='ocrx_word' id='word_1_13' title='bbox 398 333 531 395; x_wconf 85' lang='lat' dir='ltr'><strong>ordinem</strong></span> <span class='ocrx_word' id='word_1_14' title='bbox 546 353 704 414; x_wconf 84' lang='lat' dir='ltr'><strong>numquam</strong></span> <span class='ocrx_word' id='word_1_15' title='bbox 721 334 921 413; x_wconf 82' lang='lat' dir='ltr'>pugnaverim,</span> <span class='ocrx_word' id='word_1_16' title='bbox 938 351 997 394; x_wconf 90' lang='lat' dir='ltr'><strong>non</strong></span> <span class='ocrx_word' id='word_1_17' title='bbox 1012 335 1037 394; x_wconf 86' lang='lat' dir='ltr'><strong>si</strong></span> <span class='ocrx_word' id='word_1_18' title='bbox 1053 352 1117 395; x_wconf 90' lang='lat' dir='ltr'><strong>cer·</strong></span> 
     </span>
     <span class='ocr_line' id='line_1_3' title="bbox 128 416 1118 496; baseline -0.001 -16"><span class='ocrx_word' id='word_1_19' title='bbox 128 428 218 482; x_wconf 73' lang='lat' dir='ltr'><strong>atam</strong></span> <span class='ocrx_word' id='word_1_20' title='bbox 232 421 383 479; x_wconf 87' lang='lat' dir='ltr'><strong>victoriam</strong></span> <span class='ocrx_word' id='word_1_21' title='bbox 399 419 527 488; x_wconf 80' lang='lat' dir='ltr'><strong>videam3</strong></span> <span class='ocrx_word' id='word_1_22' title='bbox 549 420 574 479; x_wconf 90' lang='lat' dir='ltr'><strong>si</strong></span> <span class='ocrx_word' id='word_1_23' title='bbox 590 425 621 479; x_wconf 92' lang='lat' dir='ltr'><strong>tu</strong></span> <span class='ocrx_word' id='word_1_24' title='bbox 638 420 792 496; x_wconf 86' lang='lat' dir='ltr'><strong>permittis,</strong></span> <span class='ocrx_word' id='word_1_25' title='bbox 808 417 872 478; x_wconf 87' lang='lat' dir='ltr'><strong>volo</strong></span> <span class='ocrx_word' id='word_1_26' title='bbox 886 435 940 494; x_wconf 89' lang='lat' dir='ltr'><strong>ego</strong></span> <span class='ocrx_word' id='word_1_27' title='bbox 958 417 1000 477; x_wconf 92' lang='lat' dir='ltr'><strong>illi</strong></span> <span class='ocrx_word' id='word_1_28' title='bbox 1013 416 1118 479; x_wconf 91' lang='lat' dir='ltr'><strong>beluae</strong></span> 
     </span>
     <span class='ocr_line' id='line_1_4' title="bbox 160 500 1117 581; baseline -0.002 -17"><span class='ocrx_word' id='word_1_29' title='bbox 160 502 332 574; x_wconf 90' lang='lat' dir='ltr'><strong>ostendere,</strong></span> <span class='ocrx_word' id='word_1_30' title='bbox 350 502 467 581; x_wconf 90' lang='lat' dir='ltr'><strong>quando</strong></span> <span class='ocrx_word' id='word_1_31' title='bbox 488 502 560 562; x_wconf 90' lang='lat' dir='ltr'><strong>adeo</strong></span> <span class='ocrx_word' id='word_1_32' title='bbox 582 501 664 562; x_wconf 83' lang='lat' dir='ltr'><strong>lerox</strong></span> <span class='ocrx_word' id='word_1_33' title='bbox 685 500 845 580; x_wconf 86' lang='lat' dir='ltr'><strong>praesultat</strong></span> <span class='ocrx_word' id='word_1_34' title='bbox 868 501 996 563; x_wconf 90' lang='lat' dir='ltr'><strong>bostium</strong></span> <span class='ocrx_word' id='word_1_35' title='bbox 1018 503 1117 581; x_wconf 78' lang='lat' dir='ltr'><strong>signio,</strong></span> 
     </span>
    </p>
   </div>
   <div class='ocr_carea' id='block_1_3' title="bbox 161 585 1226 666">
    <p class='ocr_par' dir='ltr' id='par_1_3' title="bbox 161 585 1226 666">
     <span class='ocr_line' id='line_1_5' title="bbox 161 585 1226 666; baseline -0.002 -18"><span class='ocrx_word' id='word_1_36' title='bbox 161 606 208 648; x_wconf 89' lang='lat' dir='ltr'><strong>me</strong></span> <span class='ocrx_word' id='word_1_37' title='bbox 230 605 265 648; x_wconf 83' lang='lat' dir='ltr'><strong>ex</strong></span> <span class='ocrx_word' id='word_1_38' title='bbox 284 605 316 646; x_wconf 92' lang='lat' dir='ltr'><strong>ea</strong></span> <span class='ocrx_word' id='word_1_39' title='bbox 335 586 444 646; x_wconf 81' lang='lat' dir='ltr'><strong>familia</strong></span> <span class='ocrx_word' id='word_1_40' title='bbox 466 592 578 655; x_wconf 87' lang='lat' dir='ltr'><strong>ortum,</strong></span> <span class='ocrx_word' id='word_1_41' title='bbox 601 603 676 664; x_wconf 92' lang='lat' dir='ltr'><strong>quae</strong></span> <span class='ocrx_word' id='word_1_42' title='bbox 692 585 842 646; x_wconf 81' lang='lat' dir='ltr'><strong>Gallorum</strong></span> <span class='ocrx_word' id='word_1_43' title='bbox 862 603 967 663; x_wconf 81' lang='lat' dir='ltr'><strong>agmen</strong></span> <span class='ocrx_word' id='word_1_44' title='bbox 988 604 1023 646; x_wconf 88' lang='lat' dir='ltr'><strong>ex</strong></span> <span class='ocrx_word' id='word_1_45' title='bbox 1045 604 1119 666; x_wconf 90' lang='lat' dir='ltr'><strong>rupe</strong></span> <span class='ocrx_word' id='word_1_46' title='bbox 1222 629 1226 636; x_wconf 84' lang='lat'>-</span> 
     </span>
    </p>
   </div>
   <div class='ocr_carea' id='block_1_4' title="bbox 116 669 1119 3505">
    <p class='ocr_par' dir='ltr' id='par_1_4' title="bbox 116 669 1119 3505">
     <span class='ocr_line' id='line_1_6' title="bbox 127 669 1119 750; baseline 0.003 -23"><span class='ocrx_word' id='word_1_47' title='bbox 127 679 146 727; x_wconf 77' lang='grc'><strong>4</strong></span> <span class='ocrx_word' id='word_1_48' title='bbox 161 672 285 750; x_wconf 85' lang='lat' dir='ltr'><strong>Tarpeia</strong></span> <span class='ocrx_word' id='word_1_49' title='bbox 299 670 436 730; x_wconf 86' lang='lat' dir='ltr'><strong>deiecit.“</strong></span> <span class='ocrx_word' id='word_1_50' title='bbox 457 677 518 729; x_wconf 92' lang='lat' dir='ltr'><strong>tum</strong></span> <span class='ocrx_word' id='word_1_51' title='bbox 535 669 674 729; x_wconf 90' lang='lat' dir='ltr'><strong>dictator:</strong></span> <span class='ocrx_word' id='word_1_52' title='bbox 692 677 808 739; x_wconf 84' lang='lat' dir='ltr'><strong>„macte</strong></span> <span class='ocrx_word' id='word_1_53' title='bbox 819 671 945 729; x_wconf 82' lang='lat' dir='ltr'><strong>virtute“</strong></span> <span class='ocrx_word' id='word_1_54' title='bbox 956 669 1052 749; x_wconf 90' lang='lat' dir='ltr'><strong>inquit</strong></span> <span class='ocrx_word' id='word_1_55' title='bbox 1065 687 1119 740; x_wconf 85' lang='lat' dir='ltr'><strong>„ac</strong></span> 
     </span>
     <span class='ocr_line' id='line_1_7' title="bbox 160 752 1118 834; baseline -0.001 -19"><span class='ocrx_word' id='word_1_56' title='bbox 160 757 267 834; x_wconf 89' lang='lat' dir='ltr'><strong>pietate</strong></span> <span class='ocrx_word' id='word_1_57' title='bbox 285 756 316 814; x_wconf 92' lang='lat' dir='ltr'><strong>iu</strong></span> <span class='ocrx_word' id='word_1_58' title='bbox 333 761 446 833; x_wconf 90' lang='lat' dir='ltr'><strong>patrem</strong></span> <span class='ocrx_word' id='word_1_59' title='bbox 459 754 650 832; x_wconf 79' lang='lat' dir='ltr'><strong>patriamque,</strong></span> <span class='ocrx_word' id='word_1_60' title='bbox 663 752 697 814; x_wconf 87' lang='lat' dir='ltr'><strong>T.</strong></span> <span class='ocrx_word' id='word_1_61' title='bbox 710 752 807 822; x_wconf 88' lang='lat' dir='ltr'><strong>blanli,</strong></span> <span class='ocrx_word' id='word_1_62' title='bbox 824 759 895 813; x_wconf 89' lang='lat' dir='ltr'><strong>esto.</strong></span> <span class='ocrx_word' id='word_1_63' title='bbox 918 768 1010 832; x_wconf 92' lang='lat' dir='ltr'><strong>perge</strong></span> <span class='ocrx_word' id='word_1_64' title='bbox 1022 759 1051 812; x_wconf 89' lang='lat' dir='ltr'><strong>et</strong></span> <span class='ocrx_word' id='word_1_65' title='bbox 1065 772 1118 814; x_wconf 94' lang='lat' dir='ltr'><strong>no·</strong></span> 
     </span>
     <span class='ocr_line' id='line_1_8' title="bbox 127 836 1119 915; baseline -0.001 -18"><span class='ocrx_word' id='word_1_66' title='bbox 127 845 144 897; x_wconf 72' lang='lat' dir='ltr'><strong>a</strong></span> <span class='ocrx_word' id='word_1_67' title='bbox 159 855 228 900; x_wconf 90' lang='lat' dir='ltr'><strong>meu</strong></span> <span class='ocrx_word' id='word_1_68' title='bbox 242 839 405 899; x_wconf 86' lang='lat' dir='ltr'><strong>Romanum</strong></span> <span class='ocrx_word' id='word_1_69' title='bbox 423 838 562 897; x_wconf 90' lang='lat' dir='ltr'><strong>invictum</strong></span> <span class='ocrx_word' id='word_1_70' title='bbox 578 836 743 897; x_wconf 90' lang='lat' dir='ltr'><strong>iuvantibus</strong></span> <span class='ocrx_word' id='word_1_71' title='bbox 758 836 813 896; x_wconf 89' lang='lat' dir='ltr'><strong>diis</strong></span> <span class='ocrx_word' id='word_1_72' title='bbox 827 844 975 915; x_wconf 89' lang='lat' dir='ltr'><strong>praesta.“</strong></span> <span class='ocrx_word' id='word_1_73' title='bbox 1004 843 1119 915; x_wconf 74' lang='lat' dir='ltr'><strong>armant</strong></span> 
     </span>
     <span class='ocr_line' id='line_1_9' title="bbox 158 919 1118 1000; baseline -0.002 -18"><span class='ocrx_word' id='word_1_74' title='bbox 158 922 228 983; x_wconf 91' lang='lat' dir='ltr'><strong>inde</strong></span> <span class='ocrx_word' id='word_1_75' title='bbox 247 923 382 982; x_wconf 85' lang='lat' dir='ltr'><strong>iuvenem</strong></span> <span class='ocrx_word' id='word_1_76' title='bbox 405 919 554 999; x_wconf 85' lang='lat' dir='ltr'><strong>aequales:</strong></span> <span class='ocrx_word' id='word_1_77' title='bbox 578 920 714 997; x_wconf 84' lang='lat' dir='ltr'><strong>pedestre</strong></span> <span class='ocrx_word' id='word_1_78' title='bbox 734 927 849 981; x_wconf 86' lang='lat' dir='ltr'><strong>scutum</strong></span> <span class='ocrx_word' id='word_1_79' title='bbox 876 921 967 1000; x_wconf 86' lang='lat' dir='ltr'><strong>capit,</strong></span> <span class='ocrx_word' id='word_1_80' title='bbox 986 921 1118 1000; x_wconf 47' lang='lat' dir='ltr'><strong>,Hispano</strong></span> 
     </span>
     <span class='ocr_line' id='line_1_10' title="bbox 160 1002 1117 1084; baseline -0.002 -18"><span class='ocrx_word' id='word_1_81' title='bbox 160 1006 287 1084; x_wconf 82' lang='lat' dir='ltr'><strong>cingitur</strong></span> <span class='ocrx_word' id='word_1_82' title='bbox 303 1004 398 1083; x_wconf 88' lang='lat' dir='ltr'><strong>gladio</strong></span> <span class='ocrx_word' id='word_1_83' title='bbox 415 1005 451 1064; x_wconf 90' lang='lat' dir='ltr'><strong>ad</strong></span> <span class='ocrx_word' id='word_1_84' title='bbox 462 1005 631 1083; x_wconf 77' lang='lat' dir='ltr'><strong>propiorem</strong></span> <span class='ocrx_word' id='word_1_85' title='bbox 643 1002 734 1063; x_wconf 90' lang='lat' dir='ltr'><strong>babili</strong></span> <span class='ocrx_word' id='word_1_86' title='bbox 748 1021 891 1082; x_wconf 90' lang='lat' dir='ltr'><strong>pugnam;</strong></span> <span class='ocrx_word' id='word_1_87' title='bbox 908 1011 1051 1064; x_wconf 87' lang='lat' dir='ltr'><strong>armatum</strong></span> <span class='ocrx_word' id='word_1_88' title='bbox 1067 1004 1117 1064; x_wconf 90' lang='lat' dir='ltr'><strong>ad-</strong></span> 
     </span>
     <span class='ocr_line' id='line_1_11' title="bbox 161 1085 1118 1168; baseline -0.001 -19"><span class='ocrx_word' id='word_1_89' title='bbox 161 1096 355 1168; x_wconf 88' lang='lat' dir='ltr'><strong>ornatumque</strong></span> <span class='ocrx_word' id='word_1_90' title='bbox 378 1087 522 1148; x_wconf 82' lang='lat' dir='ltr'><strong>adversus</strong></span> <span class='ocrx_word' id='word_1_91' title='bbox 537 1085 651 1148; x_wconf 89' lang='lat' dir='ltr'><strong>Gallum</strong></span> <span class='ocrx_word' id='word_1_92' title='bbox 672 1086 776 1148; x_wconf 88' lang='lat' dir='ltr'><strong>stolide</strong></span> <span class='ocrx_word' id='word_1_93' title='bbox 802 1086 911 1148; x_wconf 89' lang='lat' dir='ltr'><strong>laetum</strong></span> <span class='ocrx_word' id='word_1_94' title='bbox 934 1095 1020 1148; x_wconf 86' lang='lat' dir='ltr'><strong>et—</strong></span> <span class='ocrx_word' id='word_1_95' title='bbox 1046 1106 1118 1167; x_wconf 93' lang='lat' dir='ltr'><strong>quo·</strong></span> 
     </span>
     <span class='ocr_line' id='line_1_12' title="bbox 159 1171 1119 1250; baseline -0.001 -17"><span class='ocrx_word' id='word_1_96' title='bbox 159 1175 239 1233; x_wconf 91' lang='lat' dir='ltr'><strong>niam</strong></span> <span class='ocrx_word' id='word_1_97' title='bbox 260 1173 289 1232; x_wconf 93' lang='lat' dir='ltr'><strong>id</strong></span> <span class='ocrx_word' id='word_1_98' title='bbox 310 1190 426 1250; x_wconf 86' lang='lat' dir='ltr'><strong>quoque</strong></span> <span class='ocrx_word' id='word_1_99' title='bbox 446 1173 586 1232; x_wconf 88' lang='lat' dir='ltr'><strong>memoria</strong></span> <span class='ocrx_word' id='word_1_100' title='bbox 611 1171 731 1249; x_wconf 84' lang='lat' dir='ltr'><strong>dignum</strong></span> <span class='ocrx_word' id='word_1_101' title='bbox 755 1173 882 1250; x_wconf 89' lang='lat' dir='ltr'><strong>antiquis</strong></span> <span class='ocrx_word' id='word_1_102' title='bbox 902 1173 994 1232; x_wconf 84' lang='lat' dir='ltr'><strong>visum</strong></span> <span class='ocrx_word' id='word_1_103' title='bbox 1017 1177 1061 1232; x_wconf 89' lang='lat' dir='ltr'><strong>est</strong></span> <span class='ocrx_word' id='word_1_104' title='bbox 1077 1204 1119 1220; x_wconf 86' lang='lat'><strong>·-</strong></span> 
     </span>
     <span class='ocr_line' id='line_1_13' title="bbox 125 1253 1119 1335; baseline 0.002 -22"><span class='ocrx_word' id='word_1_105' title='bbox 125 1255 289 1333; x_wconf 72' lang='lat' dir='ltr'><strong>elinguem</strong></span> <span class='ocrx_word' id='word_1_106' title='bbox 305 1257 391 1316; x_wconf 90' lang='lat' dir='ltr'><strong>etiam</strong></span> <span class='ocrx_word' id='word_1_107' title='bbox 406 1253 443 1315; x_wconf 91' lang='lat' dir='ltr'><strong>ab</strong></span> <span class='ocrx_word' id='word_1_108' title='bbox 458 1256 551 1315; x_wconf 91' lang='lat' dir='ltr'><strong>inrisu</strong></span> <span class='ocrx_word' id='word_1_109' title='bbox 572 1263 756 1316; x_wconf 84' lang='lat' dir='ltr'><strong>exserentem</strong></span> <span class='ocrx_word' id='word_1_110' title='bbox 772 1255 949 1335; x_wconf 90' lang='lat' dir='ltr'><strong>producunt.</strong></span> <span class='ocrx_word' id='word_1_111' title='bbox 973 1256 1119 1334; x_wconf 86' lang='lat' dir='ltr'><strong>recipiunt</strong></span> 
     </span>
     <span class='ocr_line' id='line_1_14' title="bbox 158 1337 1118 1417; baseline -0.004 -17"><span class='ocrx_word' id='word_1_112' title='bbox 158 1340 227 1400; x_wconf 88' lang='lat' dir='ltr'><strong>iude</strong></span> <span class='ocrx_word' id='word_1_113' title='bbox 245 1357 276 1399; x_wconf 91' lang='lat' dir='ltr'><strong>se</strong></span> <span class='ocrx_word' id='word_1_114' title='bbox 294 1338 329 1399; x_wconf 87' lang='lat' dir='ltr'><strong>ad</strong></span> <span class='ocrx_word' id='word_1_115' title='bbox 351 1341 520 1409; x_wconf 89' lang='lat' dir='ltr'><strong>stationem,</strong></span> <span class='ocrx_word' id='word_1_116' title='bbox 540 1344 570 1399; x_wconf 89' lang='lat' dir='ltr'><strong>et</strong></span> <span class='ocrx_word' id='word_1_117' title='bbox 585 1338 642 1400; x_wconf 92' lang='lat' dir='ltr'><strong>duo</strong></span> <span class='ocrx_word' id='word_1_118' title='bbox 663 1340 695 1398; x_wconf 90' lang='lat' dir='ltr'><strong>in</strong></span> <span class='ocrx_word' id='word_1_119' title='bbox 716 1339 813 1399; x_wconf 92' lang='lat' dir='ltr'><strong>medio</strong></span> <span class='ocrx_word' id='word_1_120' title='bbox 836 1340 941 1400; x_wconf 88' lang='lat' dir='ltr'><strong>armati</strong></span> <span class='ocrx_word' id='word_1_121' title='bbox 959 1337 1118 1417; x_wconf 79' lang='lat' dir='ltr'><strong>spectaculi</strong></span> 
     </span>
     <span class='ocr_line' id='line_1_15' title="bbox 159 1421 1118 1502; baseline -0.002 -19"><span class='ocrx_word' id='word_1_122' title='bbox 159 1425 251 1502; x_wconf 89' lang='lat' dir='ltr'><strong>magis</strong></span> <span class='ocrx_word' id='word_1_123' title='bbox 267 1441 348 1483; x_wconf 89' lang='lat' dir='ltr'><strong>more</strong></span> <span class='ocrx_word' id='word_1_124' title='bbox 366 1441 452 1502; x_wconf 87' lang='lat' dir='ltr'><strong>quam</strong></span> <span class='ocrx_word' id='word_1_125' title='bbox 468 1422 533 1501; x_wconf 91' lang='lat' dir='ltr'><strong>lege</strong></span> <span class='ocrx_word' id='word_1_126' title='bbox 549 1421 619 1483; x_wconf 82' lang='lat' dir='ltr'><strong>belli</strong></span> <span class='ocrx_word' id='word_1_127' title='bbox 635 1423 840 1493; x_wconf 85' lang='lat' dir='ltr'><strong>destituuntur,</strong></span> <span class='ocrx_word' id='word_1_128' title='bbox 856 1441 1041 1502; x_wconf 84' lang='lat' dir='ltr'><strong>nequaquam</strong></span> <span class='ocrx_word' id='word_1_129' title='bbox 1056 1423 1118 1481; x_wconf 83' lang='lat' dir='ltr'><strong>visu</strong></span> 
     </span>
     <span class='ocr_line' id='line_1_16' title="bbox 124 1504 1118 1585; baseline 0.002 -22"><span class='ocrx_word' id='word_1_130' title='bbox 124 1514 191 1567; x_wconf 76' lang='lat' dir='ltr'><strong>tac</strong></span> <span class='ocrx_word' id='word_1_131' title='bbox 211 1508 309 1585; x_wconf 90' lang='lat' dir='ltr'><strong>specie</strong></span> <span class='ocrx_word' id='word_1_132' title='bbox 332 1506 552 1566; x_wconf 88' lang='lat' dir='ltr'><strong>aestimantibus</strong></span> <span class='ocrx_word' id='word_1_133' title='bbox 574 1524 670 1583; x_wconf 87' lang='lat' dir='ltr'><strong>pares.</strong></span> <span class='ocrx_word' id='word_1_134' title='bbox 692 1523 800 1583; x_wconf 90' lang='lat' dir='ltr'><strong>corpus</strong></span> <span class='ocrx_word' id='word_1_135' title='bbox 819 1504 905 1565; x_wconf 90' lang='lat' dir='ltr'><strong>alteri</strong></span> <span class='ocrx_word' id='word_1_136' title='bbox 918 1505 1118 1583; x_wconf 86' lang='lat' dir='ltr'><strong>magnitudine</strong></span> 
     </span>
     <span class='ocr_line' id='line_1_17' title="bbox 159 1588 1118 1667; baseline -0.004 -17"><span class='ocrx_word' id='word_1_137' title='bbox 159 1591 307 1658; x_wconf 88' lang='lat' dir='ltr'><strong>eximium,</strong></span> <span class='ocrx_word' id='word_1_138' title='bbox 324 1588 493 1649; x_wconf 83' lang='lat' dir='ltr'><strong>versicolori</strong></span> <span class='ocrx_word' id='word_1_139' title='bbox 508 1596 588 1648; x_wconf 83' lang='lat' dir='ltr'><strong>veste</strong></span> <span class='ocrx_word' id='word_1_140' title='bbox 604 1589 748 1667; x_wconf 79' lang='lat' dir='ltr'><strong>pictisque</strong></span> <span class='ocrx_word' id='word_1_141' title='bbox 763 1595 791 1647; x_wconf 90' lang='lat' dir='ltr'><strong>et</strong></span> <span class='ocrx_word' id='word_1_142' title='bbox 807 1606 879 1648; x_wconf 91' lang='lat' dir='ltr'><strong>auro</strong></span> <span class='ocrx_word' id='word_1_143' title='bbox 895 1588 1013 1648; x_wconf 88' lang='lat' dir='ltr'><strong>caelatis</strong></span> <span class='ocrx_word' id='word_1_144' title='bbox 1028 1589 1118 1648; x_wconf 81' lang='lat' dir='ltr'><strong>resul-</strong></span> 
     </span>
     <span class='ocr_line' id='line_1_18' title="bbox 159 1669 1118 1750; baseline -0.003 -18"><span class='ocrx_word' id='word_1_145' title='bbox 159 1690 231 1750; x_wconf 88' lang='lat' dir='ltr'><strong>gens</strong></span> <span class='ocrx_word' id='word_1_146' title='bbox 246 1674 351 1739; x_wconf 89' lang='lat' dir='ltr'><strong>armis;</strong></span> <span class='ocrx_word' id='word_1_147' title='bbox 369 1671 464 1730; x_wconf 89' lang='lat' dir='ltr'><strong>media</strong></span> <span class='ocrx_word' id='word_1_148' title='bbox 479 1673 510 1730; x_wconf 91' lang='lat' dir='ltr'><strong>iu</strong></span> <span class='ocrx_word' id='word_1_149' title='bbox 526 1670 617 1730; x_wconf 90' lang='lat' dir='ltr'><strong>altero</strong></span> <span class='ocrx_word' id='word_1_150' title='bbox 634 1669 767 1732; x_wconf 90' lang='lat' dir='ltr'><strong>militaris</strong></span> <span class='ocrx_word' id='word_1_151' title='bbox 782 1678 893 1732; x_wconf 89' lang='lat' dir='ltr'><strong>statura</strong></span> <span class='ocrx_word' id='word_1_152' title='bbox 903 1671 1076 1750; x_wconf 89' lang='lat' dir='ltr'><strong>modicaque</strong></span> <span class='ocrx_word' id='word_1_153' title='bbox 1088 1673 1118 1730; x_wconf 91' lang='lat' dir='ltr'><strong>in</strong></span> 
     </span>
     <span class='ocr_line' id='line_1_19' title="bbox 126 1753 1117 1832; baseline 0 -18"><span class='ocrx_word' id='word_1_154' title='bbox 126 1756 249 1816; x_wconf 69' lang='lat' dir='ltr'><strong>tarmis</strong></span> <span class='ocrx_word' id='word_1_155' title='bbox 268 1753 414 1814; x_wconf 87' lang='lat' dir='ltr'><strong>habilibus</strong></span> <span class='ocrx_word' id='word_1_156' title='bbox 429 1755 521 1832; x_wconf 87' lang='lat' dir='ltr'><strong>magis</strong></span> <span class='ocrx_word' id='word_1_157' title='bbox 538 1772 625 1832; x_wconf 90' lang='lat' dir='ltr'><strong>quam</strong></span> <span class='ocrx_word' id='word_1_158' title='bbox 647 1755 761 1814; x_wconf 90' lang='lat' dir='ltr'><strong>decoris</strong></span> <span class='ocrx_word' id='word_1_159' title='bbox 776 1756 904 1832; x_wconf 67' lang='lat' dir='ltr'><strong>speciem</strong></span> <span class='ocrx_word' id='word_1_160' title='bbox 925 1772 984 1813; x_wconf 89' lang='lat' dir='ltr'><strong>non</strong></span> <span class='ocrx_word' id='word_1_161' title='bbox 1006 1761 1117 1825; x_wconf 85' lang='lat' dir='ltr'><strong>cantus,</strong></span> 
     </span>
     <span class='ocr_line' id='line_1_20' title="bbox 159 1837 1118 1916; baseline 0 -18"><span class='ocrx_word' id='word_1_162' title='bbox 159 1856 219 1899; x_wconf 91' lang='lat' dir='ltr'><strong>non</strong></span> <span class='ocrx_word' id='word_1_163' title='bbox 234 1837 371 1898; x_wconf 83' lang='lat' dir='ltr'><strong>exultatio</strong></span> <span class='ocrx_word' id='word_1_164' title='bbox 387 1855 594 1915; x_wconf 89' lang='lat' dir='ltr'><strong>armorumque</strong></span> <span class='ocrx_word' id='word_1_165' title='bbox 619 1839 737 1915; x_wconf 84' lang='lat' dir='ltr'><strong>agitatio</strong></span> <span class='ocrx_word' id='word_1_166' title='bbox 754 1855 842 1906; x_wconf 79' lang='lat' dir='ltr'><strong>vana3</strong></span> <span class='ocrx_word' id='word_1_167' title='bbox 865 1838 916 1898; x_wconf 89' lang='lat' dir='ltr'><strong>sed</strong></span> <span class='ocrx_word' id='word_1_168' title='bbox 939 1845 1040 1916; x_wconf 90' lang='lat' dir='ltr'><strong>pectus</strong></span> <span class='ocrx_word' id='word_1_169' title='bbox 1057 1839 1118 1898; x_wconf 91' lang='lat' dir='ltr'><strong>ani·</strong></span> 
     </span>
     <span class='ocr_line' id='line_1_21' title="bbox 159 1920 1118 2000; baseline -0.002 -18"><span class='ocrx_word' id='word_1_170' title='bbox 159 1940 275 1982; x_wconf 90' lang='lat' dir='ltr'><strong>morum</strong></span> <span class='ocrx_word' id='word_1_171' title='bbox 289 1923 410 2000; x_wconf 87' lang='lat' dir='ltr'><strong>iraeque</strong></span> <span class='ocrx_word' id='word_1_172' title='bbox 426 1923 530 1981; x_wconf 84' lang='lat' dir='ltr'><strong>tacitae</strong></span> <span class='ocrx_word' id='word_1_173' title='bbox 544 1920 663 1999; x_wconf 92' lang='lat' dir='ltr'><strong>plenum</strong></span> <span class='ocrx_word' id='word_1_174' title='bbox 680 1939 797 1982; x_wconf 90' lang='lat' dir='ltr'><strong>onmem</strong></span> <span class='ocrx_word' id='word_1_175' title='bbox 814 1921 953 1982; x_wconf 80' lang='lat' dir='ltr'><strong>ferociam</strong></span> <span class='ocrx_word' id='word_1_176' title='bbox 965 1923 998 1983; x_wconf 91' lang='lat' dir='ltr'><strong>in</strong></span> <span class='ocrx_word' id='word_1_177' title='bbox 1015 1920 1118 1981; x_wconf 88' lang='lat' dir='ltr'><strong>discri-</strong></span> 
     </span>
     <span class='ocr_line' id='line_1_22' title="bbox 123 2003 1119 2082; baseline 0.001 -19"><span class='ocrx_word' id='word_1_178' title='bbox 123 2012 226 2066; x_wconf 72' lang='lat' dir='ltr'><strong>umen</strong></span> <span class='ocrx_word' id='word_1_179' title='bbox 242 2006 338 2082; x_wconf 90' lang='lat' dir='ltr'><strong>ipsum</strong></span> <span class='ocrx_word' id='word_1_180' title='bbox 356 2005 525 2064; x_wconf 87' lang='lat' dir='ltr'><strong>certaminis</strong></span> <span class='ocrx_word' id='word_1_181' title='bbox 540 2003 702 2066; x_wconf 88' lang='lat' dir='ltr'><strong>distulerat.</strong></span> <span class='ocrx_word' id='word_1_182' title='bbox 718 2005 769 2066; x_wconf 93' lang='lat' dir='ltr'><strong>ubi</strong></span> <span class='ocrx_word' id='word_1_183' title='bbox 785 2008 943 2066; x_wconf 87' lang='lat' dir='ltr'><strong>constitere</strong></span> <span class='ocrx_word' id='word_1_184' title='bbox 957 2007 1035 2066; x_wconf 89' lang='lat' dir='ltr'><strong>inter</strong></span> <span class='ocrx_word' id='word_1_185' title='bbox 1047 2005 1119 2066; x_wconf 88' lang='lat' dir='ltr'><strong>duas</strong></span> 
     </span>
     <span class='ocr_line' id='line_1_23' title="bbox 158 2087 1116 2169; baseline 0 -21"><span class='ocrx_word' id='word_1_186' title='bbox 158 2089 237 2149; x_wconf 90' lang='lat' dir='ltr'><strong>acies</strong></span> <span class='ocrx_word' id='word_1_187' title='bbox 251 2096 294 2149; x_wconf 91' lang='lat' dir='ltr'><strong>tot</strong></span> <span class='ocrx_word' id='word_1_188' title='bbox 306 2089 385 2148; x_wconf 91' lang='lat' dir='ltr'><strong>circa</strong></span> <span class='ocrx_word' id='word_1_189' title='bbox 397 2087 564 2149; x_wconf 90' lang='lat' dir='ltr'><strong>mortalium</strong></span> <span class='ocrx_word' id='word_1_190' title='bbox 577 2090 683 2149; x_wconf 87' lang='lat' dir='ltr'><strong>animis</strong></span> <span class='ocrx_word' id='word_1_191' title='bbox 697 2106 749 2167; x_wconf 90' lang='lat' dir='ltr'><strong>spe</strong></span> <span class='ocrx_word' id='word_1_192' title='bbox 761 2097 899 2169; x_wconf 92' lang='lat' dir='ltr'><strong>metuque</strong></span> <span class='ocrx_word' id='word_1_193' title='bbox 913 2089 1116 2167; x_wconf 86' lang='lat' dir='ltr'><strong>pendentibus,</strong></span> 
     </span>
     <span class='ocr_line' id='line_1_24' title="bbox 159 2170 1118 2252; baseline -0.001 -19"><span class='ocrx_word' id='word_1_194' title='bbox 159 2171 258 2233; x_wconf 86' lang='lat' dir='ltr'><strong>Gallus</strong></span> <span class='ocrx_word' id='word_1_195' title='bbox 273 2171 352 2232; x_wconf 83' lang='lat' dir='ltr'><strong>velut</strong></span> <span class='ocrx_word' id='word_1_196' title='bbox 371 2170 464 2232; x_wconf 90' lang='lat' dir='ltr'><strong>moles</strong></span> <span class='ocrx_word' id='word_1_197' title='bbox 483 2189 611 2250; x_wconf 91' lang='lat' dir='ltr'><strong>superne</strong></span> <span class='ocrx_word' id='word_1_198' title='bbox 627 2174 774 2233; x_wconf 88' lang='lat' dir='ltr'><strong>inminens</strong></span> <span class='ocrx_word' id='word_1_199' title='bbox 791 2175 922 2252; x_wconf 89' lang='lat' dir='ltr'><strong>proiecto</strong></span> <span class='ocrx_word' id='word_1_200' title='bbox 937 2173 1018 2234; x_wconf 89' lang='lat' dir='ltr'><strong>laeva</strong></span> <span class='ocrx_word' id='word_1_201' title='bbox 1035 2180 1118 2233; x_wconf 88' lang='lat' dir='ltr'><strong>scuto</strong></span> 
     </span>
     <span class='ocr_line' id='line_1_25' title="bbox 158 2255 1117 2335; baseline 0.001 -20"><span class='ocrx_word' id='word_1_202' title='bbox 158 2257 189 2315; x_wconf 92' lang='lat' dir='ltr'><strong>in</strong></span> <span class='ocrx_word' id='word_1_203' title='bbox 208 2256 388 2316; x_wconf 89' lang='lat' dir='ltr'><strong>advenientis</strong></span> <span class='ocrx_word' id='word_1_204' title='bbox 405 2273 485 2316; x_wconf 84' lang='lat' dir='ltr'><strong>arma</strong></span> <span class='ocrx_word' id='word_1_205' title='bbox 503 2255 595 2315; x_wconf 89' lang='lat' dir='ltr'><strong>bostis</strong></span> <span class='ocrx_word' id='word_1_206' title='bbox 611 2275 717 2317; x_wconf 85' lang='lat' dir='ltr'><strong>vanum</strong></span> <span class='ocrx_word' id='word_1_207' title='bbox 732 2259 839 2317; x_wconf 82' lang='lat' dir='ltr'><strong>caesim</strong></span> <span class='ocrx_word' id='word_1_208' title='bbox 856 2275 922 2317; x_wconf 93' lang='lat' dir='ltr'><strong>cum</strong></span> <span class='ocrx_word' id='word_1_209' title='bbox 944 2257 1057 2335; x_wconf 83' lang='lat' dir='ltr'><strong>ingenti</strong></span> <span class='ocrx_word' id='word_1_210' title='bbox 1070 2274 1117 2316; x_wconf 92' lang='lat' dir='ltr'><strong>so·</strong></span> 
     </span>
     <span class='ocr_line' id='line_1_26' title="bbox 117 2339 1117 2411; baseline 0.001 -12"><span class='ocrx_word' id='word_1_211' title='bbox 117 2347 149 2399; x_wconf 86' lang='lat'><strong>.0</strong></span> <span class='ocrx_word' id='word_1_212' title='bbox 160 2340 223 2400; x_wconf 91' lang='lat' dir='ltr'><strong>nitu</strong></span> <span class='ocrx_word' id='word_1_213' title='bbox 235 2357 336 2399; x_wconf 90' lang='lat' dir='ltr'><strong>ensem</strong></span> <span class='ocrx_word' id='word_1_214' title='bbox 349 2339 469 2408; x_wconf 85' lang='lat' dir='ltr'><strong>deiecit;</strong></span> <span class='ocrx_word' id='word_1_215' title='bbox 481 2339 632 2400; x_wconf 84' lang='lat' dir='ltr'><strong>Romanus</strong></span> <span class='ocrx_word' id='word_1_216' title='bbox 643 2359 784 2401; x_wconf 91' lang='lat' dir='ltr'><strong>mucrone</strong></span> <span class='ocrx_word' id='word_1_217' title='bbox 795 2340 941 2411; x_wconf 89' lang='lat' dir='ltr'><strong>subrecto,</strong></span> <span class='ocrx_word' id='word_1_218' title='bbox 954 2359 1021 2401; x_wconf 91' lang='lat' dir='ltr'><strong>cum</strong></span> <span class='ocrx_word' id='word_1_219' title='bbox 1034 2347 1117 2401; x_wconf 88' lang='lat' dir='ltr'><strong>scuto</strong></span> 
     </span>
     <span class='ocr_line' id='line_1_27' title="bbox 126 2421 1117 2504; baseline 0 -20"><span class='ocrx_word' id='word_1_220' title='bbox 126 2433 128 2438; x_wconf 85' lang='lat'>&#39;</span> <span class='ocrx_word' id='word_1_221' title='bbox 157 2430 272 2484; x_wconf 86' lang='lat' dir='ltr'><strong>scutum</strong></span> <span class='ocrx_word' id='word_1_222' title='bbox 285 2425 376 2483; x_wconf 89' lang='lat' dir='ltr'><strong>imum</strong></span> <span class='ocrx_word' id='word_1_223' title='bbox 390 2423 573 2502; x_wconf 87' lang='lat' dir='ltr'><strong>perculisset,</strong></span> <span class='ocrx_word' id='word_1_224' title='bbox 586 2431 705 2504; x_wconf 91' lang='lat' dir='ltr'><strong>totoque</strong></span> <span class='ocrx_word' id='word_1_225' title='bbox 715 2442 841 2502; x_wconf 89' lang='lat' dir='ltr'><strong>corpore</strong></span> <span class='ocrx_word' id='word_1_226' title='bbox 851 2427 975 2486; x_wconf 90' lang='lat' dir='ltr'><strong>interior</strong></span> <span class='ocrx_word' id='word_1_227' title='bbox 985 2421 1117 2502; x_wconf 86' lang='lat' dir='ltr'><strong>periculo</strong></span> 
     </span>
     <span class='ocr_line' id='line_1_28' title="bbox 158 2505 1118 2587; baseline 0.001 -21"><span class='ocrx_word' id='word_1_228' title='bbox 158 2505 287 2566; x_wconf 82' lang='lat' dir='ltr'><strong>uulneris</strong></span> <span class='ocrx_word' id='word_1_229' title='bbox 299 2507 394 2566; x_wconf 85' lang='lat' dir='ltr'><strong>factus</strong></span> <span class='ocrx_word' id='word_1_230' title='bbox 404 2508 582 2567; x_wconf 89' lang='lat' dir='ltr'><strong>insinuasset</strong></span> <span class='ocrx_word' id='word_1_231' title='bbox 592 2525 624 2567; x_wconf 88' lang='lat' dir='ltr'><strong>se</strong></span> <span class='ocrx_word' id='word_1_232' title='bbox 636 2508 714 2568; x_wconf 91' lang='lat' dir='ltr'><strong>inter</strong></span> <span class='ocrx_word' id='word_1_233' title='bbox 726 2525 833 2586; x_wconf 90' lang='lat' dir='ltr'><strong>corpus</strong></span> <span class='ocrx_word' id='word_1_234' title='bbox 844 2526 992 2587; x_wconf 86' lang='lat' dir='ltr'><strong>armaque,</strong></span> <span class='ocrx_word' id='word_1_235' title='bbox 1004 2526 1063 2568; x_wconf 91' lang='lat' dir='ltr'><strong>uno</strong></span> <span class='ocrx_word' id='word_1_236' title='bbox 1076 2507 1118 2568; x_wconf 91' lang='lat' dir='ltr'><strong>al-</strong></span> 
     </span>
     <span class='ocr_line' id='line_1_29' title="bbox 159 2589 1117 2670; baseline 0 -20"><span class='ocrx_word' id='word_1_237' title='bbox 159 2597 281 2670; x_wconf 86' lang='lat' dir='ltr'><strong>teroque</strong></span> <span class='ocrx_word' id='word_1_238' title='bbox 297 2589 422 2651; x_wconf 87' lang='lat' dir='ltr'><strong>subinde</strong></span> <span class='ocrx_word' id='word_1_239' title='bbox 443 2591 503 2650; x_wconf 89' lang='lat' dir='ltr'><strong>ictu</strong></span> <span class='ocrx_word' id='word_1_240' title='bbox 525 2597 658 2650; x_wconf 83' lang='lat' dir='ltr'><strong>uentrem</strong></span> <span class='ocrx_word' id='word_1_241' title='bbox 678 2597 765 2670; x_wconf 90' lang='lat' dir='ltr'><strong>atque</strong></span> <span class='ocrx_word' id='word_1_242' title='bbox 785 2592 903 2670; x_wconf 87' lang='lat' dir='ltr'><strong>inguina</strong></span> <span class='ocrx_word' id='word_1_243' title='bbox 925 2593 1022 2652; x_wconf 89' lang='lat' dir='ltr'><strong>hausit</strong></span> <span class='ocrx_word' id='word_1_244' title='bbox 1041 2598 1070 2652; x_wconf 90' lang='lat' dir='ltr'><strong>et</strong></span> <span class='ocrx_word' id='word_1_245' title='bbox 1086 2592 1117 2650; x_wconf 93' lang='lat' dir='ltr'><strong>in</strong></span> 
     </span>
     <span class='ocr_line' id='line_1_30' title="bbox 117 2673 1117 2752; baseline 0.001 -20"><span class='ocrx_word' id='word_1_246' title='bbox 117 2680 146 2732; x_wconf 85' lang='lat'><strong>11</strong></span> <span class='ocrx_word' id='word_1_247' title='bbox 157 2675 283 2752; x_wconf 89' lang='lat' dir='ltr'><strong>spatium</strong></span> <span class='ocrx_word' id='word_1_248' title='bbox 305 2676 411 2751; x_wconf 85' lang='lat' dir='ltr'><strong>ingens</strong></span> <span class='ocrx_word' id='word_1_249' title='bbox 432 2680 568 2734; x_wconf 89' lang='lat' dir='ltr'><strong>ruentem</strong></span> <span class='ocrx_word' id='word_1_250' title='bbox 588 2675 721 2752; x_wconf 87' lang='lat' dir='ltr'><strong>porrexit</strong></span> <span class='ocrx_word' id='word_1_251' title='bbox 740 2675 864 2736; x_wconf 90' lang='lat' dir='ltr'><strong>hostem.</strong></span> <span class='ocrx_word' id='word_1_252' title='bbox 907 2676 1029 2736; x_wconf 88' lang='lat' dir='ltr'><strong>iacentis</strong></span> <span class='ocrx_word' id='word_1_253' title='bbox 1048 2673 1117 2734; x_wconf 91' lang='lat' dir='ltr'><strong>inde</strong></span> 
     </span>
     <span class='ocr_line' id='line_1_31' title="bbox 158 2756 1116 2837; baseline 0.001 -21"><span class='ocrx_word' id='word_1_254' title='bbox 158 2773 266 2834; x_wconf 88' lang='lat' dir='ltr'><strong>corpus</strong></span> <span class='ocrx_word' id='word_1_255' title='bbox 286 2756 322 2817; x_wconf 93' lang='lat' dir='ltr'><strong>ab</strong></span> <span class='ocrx_word' id='word_1_256' title='bbox 345 2757 424 2816; x_wconf 92' lang='lat' dir='ltr'><strong>omni</strong></span> <span class='ocrx_word' id='word_1_257' title='bbox 445 2757 500 2818; x_wconf 90' lang='lat' dir='ltr'><strong>alia</strong></span> <span class='ocrx_word' id='word_1_258' title='bbox 517 2759 668 2818; x_wconf 83' lang='lat' dir='ltr'><strong>vexatione</strong></span> <span class='ocrx_word' id='word_1_259' title='bbox 687 2759 829 2819; x_wconf 87' lang='lat' dir='ltr'><strong>intactum</strong></span> <span class='ocrx_word' id='word_1_260' title='bbox 850 2777 908 2819; x_wconf 90' lang='lat' dir='ltr'><strong>unc</strong></span> <span class='ocrx_word' id='word_1_261' title='bbox 929 2765 1034 2837; x_wconf 90' lang='lat' dir='ltr'><strong>torque</strong></span> <span class='ocrx_word' id='word_1_262' title='bbox 1049 2776 1116 2836; x_wconf 92' lang='lat' dir='ltr'><strong>spo·</strong></span> 
     </span>
     <span class='ocr_line' id='line_1_32' title="bbox 116 2839 1116 2918; baseline 0.001 -18"><span class='ocrx_word' id='word_1_263' title='bbox 116 2847 149 2900; x_wconf 81' lang='lat'><strong>12</strong></span> <span class='ocrx_word' id='word_1_264' title='bbox 159 2839 246 2908; x_wconf 87' lang='lat' dir='ltr'><strong>liavit,</strong></span> <span class='ocrx_word' id='word_1_265' title='bbox 263 2857 351 2918; x_wconf 88' lang='lat' dir='ltr'><strong>quem</strong></span> <span class='ocrx_word' id='word_1_266' title='bbox 365 2858 532 2918; x_wconf 84' lang='lat' dir='ltr'><strong>respersum</strong></span> <span class='ocrx_word' id='word_1_267' title='bbox 548 2858 656 2901; x_wconf 91' lang='lat' dir='ltr'><strong>cruore</strong></span> <span class='ocrx_word' id='word_1_268' title='bbox 672 2840 748 2902; x_wconf 87' lang='lat' dir='ltr'><strong>collo</strong></span> <span class='ocrx_word' id='word_1_269' title='bbox 763 2841 958 2903; x_wconf 88' lang='lat' dir='ltr'><strong>circumdedit</strong></span> <span class='ocrx_word' id='word_1_270' title='bbox 971 2859 1034 2902; x_wconf 84' lang='lat' dir='ltr'><strong>suo.</strong></span> <span class='ocrx_word' id='word_1_271' title='bbox 1065 2840 1116 2901; x_wconf 91' lang='lat' dir='ltr'><strong>de·</strong></span> 
     </span>
     <span class='ocr_line' id='line_1_33' title="bbox 159 2923 1115 3000; baseline 0 -16"><span class='ocrx_word' id='word_1_272' title='bbox 159 2924 262 2984; x_wconf 74' lang='lat' dir='ltr'><strong>linerat</strong></span> <span class='ocrx_word' id='word_1_273' title='bbox 281 2940 371 3000; x_wconf 86' lang='lat' dir='ltr'><strong>pavor</strong></span> <span class='ocrx_word' id='word_1_274' title='bbox 385 2941 452 2983; x_wconf 92' lang='lat' dir='ltr'><strong>eum</strong></span> <span class='ocrx_word' id='word_1_275' title='bbox 470 2923 663 2984; x_wconf 88' lang='lat' dir='ltr'><strong>admiratione</strong></span> <span class='ocrx_word' id='word_1_276' title='bbox 678 2924 789 2986; x_wconf 89' lang='lat' dir='ltr'><strong>Gallos:</strong></span> <span class='ocrx_word' id='word_1_277' title='bbox 810 2923 935 2986; x_wconf 86' lang='lat' dir='ltr'><strong>Romani</strong></span> <span class='ocrx_word' id='word_1_278' title='bbox 952 2924 1064 2985; x_wconf 85' lang='lat' dir='ltr'><strong>alacres</strong></span> <span class='ocrx_word' id='word_1_279' title='bbox 1079 2923 1115 2984; x_wconf 86' lang='lat' dir='ltr'><strong>ab</strong></span> 
     </span>
     <span class='ocr_line' id='line_1_34' title="bbox 157 3005 1115 3086; baseline -0.001 -18"><span class='ocrx_word' id='word_1_280' title='bbox 157 3007 282 3068; x_wconf 88' lang='lat' dir='ltr'><strong>statione</strong></span> <span class='ocrx_word' id='word_1_281' title='bbox 295 3005 410 3066; x_wconf 86' lang='lat' dir='ltr'><strong>obviam</strong></span> <span class='ocrx_word' id='word_1_282' title='bbox 425 3005 509 3066; x_wconf 85' lang='lat' dir='ltr'><strong>mibti</strong></span> <span class='ocrx_word' id='word_1_283' title='bbox 524 3025 577 3067; x_wconf 89' lang='lat' dir='ltr'><strong>suo</strong></span> <span class='ocrx_word' id='word_1_284' title='bbox 589 3011 748 3086; x_wconf 89' lang='lat' dir='ltr'><strong>progressi,</strong></span> <span class='ocrx_word' id='word_1_285' title='bbox 761 3008 939 3086; x_wconf 86' lang='lat' dir='ltr'><strong>gratulantes</strong></span> <span class='ocrx_word' id='word_1_286' title='bbox 950 3008 1115 3068; x_wconf 90' lang='lat' dir='ltr'><strong>laudantes·</strong></span> 
     </span>
     <span class='ocr_line' id='line_1_35' title="bbox 116 3089 1115 3172; baseline -0.002 -20"><span class='ocrx_word' id='word_1_287' title='bbox 116 3098 216 3172; x_wconf 76' lang='lat' dir='ltr'><strong>idque</strong></span> <span class='ocrx_word' id='word_1_288' title='bbox 231 3090 268 3152; x_wconf 91' lang='lat' dir='ltr'><strong>ad</strong></span> <span class='ocrx_word' id='word_1_289' title='bbox 283 3089 455 3151; x_wconf 89' lang='lat' dir='ltr'><strong>dictatorem</strong></span> <span class='ocrx_word' id='word_1_290' title='bbox 470 3090 645 3168; x_wconf 87' lang='lat' dir='ltr'><strong>perducunt.</strong></span> <span class='ocrx_word' id='word_1_291' title='bbox 677 3093 755 3152; x_wconf 88' lang='lat' dir='ltr'><strong>inter</strong></span> <span class='ocrx_word' id='word_1_292' title='bbox 768 3093 932 3152; x_wconf 89' lang='lat' dir='ltr'><strong>carminum</strong></span> <span class='ocrx_word' id='word_1_293' title='bbox 945 3109 1038 3170; x_wconf 87' lang='lat' dir='ltr'><strong>prope</strong></span> <span class='ocrx_word' id='word_1_294' title='bbox 1053 3089 1115 3151; x_wconf 83' lang='lat' dir='ltr'><strong>mo·</strong></span> 
     </span>
     <span class='ocr_line' id='line_1_36' title="bbox 159 3173 1114 3254; baseline -0.002 -20"><span class='ocrx_word' id='word_1_295' title='bbox 159 3174 228 3235; x_wconf 91' lang='lat' dir='ltr'><strong>dum</strong></span> <span class='ocrx_word' id='word_1_296' title='bbox 256 3173 405 3236; x_wconf 76' lang='lat' dir='ltr'><strong>Incondita</strong></span> <span class='ocrx_word' id='word_1_297' title='bbox 430 3173 574 3251; x_wconf 89' lang='lat' dir='ltr'><strong>quaedam</strong></span> <span class='ocrx_word' id='word_1_298' title='bbox 599 3173 766 3235; x_wconf 88' lang='lat' dir='ltr'><strong>militariter</strong></span> <span class='ocrx_word' id='word_1_299' title='bbox 792 3175 954 3236; x_wconf 88' lang='lat' dir='ltr'><strong>ioculantes</strong></span> <span class='ocrx_word' id='word_1_300' title='bbox 974 3175 1114 3254; x_wconf 87' lang='lat' dir='ltr'><strong>Torquati</strong></span> 
     </span>
     <span class='ocr_line' id='line_1_37' title="bbox 159 3256 1114 3339; baseline -0.001 -22"><span class='ocrx_word' id='word_1_301' title='bbox 159 3275 322 3334; x_wconf 80' lang='lat' dir='ltr'><strong>cognomen</strong></span> <span class='ocrx_word' id='word_1_302' title='bbox 341 3258 486 3326; x_wconf 77' lang='lat' dir='ltr'><strong>auditum:</strong></span> <span class='ocrx_word' id='word_1_303' title='bbox 507 3256 687 3319; x_wconf 87' lang='lat' dir='ltr'><strong>celebratum</strong></span> <span class='ocrx_word' id='word_1_304' title='bbox 703 3258 809 3319; x_wconf 88' lang='lat' dir='ltr'><strong>deinde</strong></span> <span class='ocrx_word' id='word_1_305' title='bbox 829 3260 955 3339; x_wconf 84' lang='lat' dir='ltr'><strong>posteris</strong></span> <span class='ocrx_word' id='word_1_306' title='bbox 969 3259 1055 3336; x_wconf 69' lang='lat' dir='ltr'><strong>etiam</strong></span> <span class='ocrx_word' id='word_1_307' title='bbox 1072 3256 1114 3316; x_wconf 84' lang='lat' dir='ltr'><strong>la-</strong></span> 
     </span>
     <span class='ocr_line' id='line_1_38' title="bbox 118 3338 1116 3419; baseline 0.001 -21"><span class='ocrx_word' id='word_1_308' title='bbox 118 3338 313 3419; x_wconf 76' lang='lat' dir='ltr'><strong>itmiliaeque</strong></span> <span class='ocrx_word' id='word_1_309' title='bbox 334 3341 441 3402; x_wconf 87' lang='lat' dir='ltr'><strong>honori</strong></span> <span class='ocrx_word' id='word_1_310' title='bbox 463 3340 527 3402; x_wconf 85' lang='lat' dir='ltr'><strong>luit.</strong></span> <span class='ocrx_word' id='word_1_311' title='bbox 564 3341 689 3402; x_wconf 85' lang='lat' dir='ltr'><strong>dictator</strong></span> <span class='ocrx_word' id='word_1_312' title='bbox 709 3359 848 3403; x_wconf 89' lang='lat' dir='ltr'><strong>coronam</strong></span> <span class='ocrx_word' id='word_1_313' title='bbox 868 3359 987 3402; x_wconf 87' lang='lat' dir='ltr'><strong>auream</strong></span> <span class='ocrx_word' id='word_1_314' title='bbox 1006 3338 1116 3402; x_wconf 86' lang='lat' dir='ltr'><strong>addidit</strong></span> 
     </span>
     <span class='ocr_line' id='line_1_39' title="bbox 159 3422 1114 3505; baseline 0.002 -23"><span class='ocrx_word' id='word_1_315' title='bbox 159 3422 278 3493; x_wconf 80' lang='lat' dir='ltr'><strong>danum,</strong></span> <span class='ocrx_word' id='word_1_316' title='bbox 292 3426 433 3505; x_wconf 79' lang='lat' dir='ltr'><strong>mirisque</strong></span> <span class='ocrx_word' id='word_1_317' title='bbox 448 3441 503 3504; x_wconf 88' lang='lat' dir='ltr'><strong>pro</strong></span> <span class='ocrx_word' id='word_1_318' title='bbox 515 3425 652 3485; x_wconf 88' lang='lat' dir='ltr'><strong>contione</strong></span> <span class='ocrx_word' id='word_1_319' title='bbox 670 3443 734 3486; x_wconf 87' lang='lat' dir='ltr'><strong>eam</strong></span> <span class='ocrx_word' id='word_1_320' title='bbox 748 3443 878 3504; x_wconf 86' lang='lat' dir='ltr'><strong>pugnam</strong></span> <span class='ocrx_word' id='word_1_321' title='bbox 893 3423 1028 3486; x_wconf 88' lang='lat' dir='ltr'><strong>laudibus</strong></span> <span class='ocrx_word' id='word_1_322' title='bbox 1042 3423 1114 3486; x_wconf 87' lang='lat' dir='ltr'><strong>tulit</strong></span> 
     </span>
    </p>
   </div>
   <div class='ocr_carea' id='block_1_5' title="bbox 0 0 1270 3938">
    <p class='ocr_par' dir='ltr' id='par_1_5' title="bbox 0 0 1270 3938">
     <span class='ocr_line' id='line_1_40' title="bbox 0 0 1270 3938; baseline 0 0"><span class='ocrx_word' id='word_1_323' title='bbox 0 0 1270 3938; x_wconf 95' lang='lat' dir='ltr'><strong> </strong></span> 
     </span>
    </p>
   </div>
  </div>
 </body>
</html>
