2532 3938
321 151 324 156 '
350 169 443 210 33333
457 170 511 211 vn.
530 170 601 212 333.
614 157 656 211 36.
674 149 713 230 [a.
729 153 765 214 O.
786 151 846 234 343]
1044 157 1084 220 39

111 321 342 397 sonitumque
355 318 496 378 excitatns
508 316 577 394 vigil
590 334 656 377 eum
671 319 837 395 proximum
850 321 987 378 movisset
1001 337 1084 380 eree·

111 407 200 484 tique
223 401 299 462 alios
322 402 518 468 concitarent,
547 401 656 476 ignari,
685 402 762 460 cives
786 420 822 459 an
855 401 953 462 hostes
975 412 1082 472 essent,

110 486 306 568 praesidium
322 492 506 566 erumperet,
528 501 564 542 an
581 482 684 542 consul
699 492 794 544 castra
810 487 948 561 cepisset,
968 487 1081 557 Decius,
1098 495 1114 547 3

111 572 266 649 quoniam
286 585 345 626 non
366 565 515 636 lallerent,
539 565 697 626 clamorem
720 567 822 627 tollere
842 569 928 626 iussis
943 569 1083 630 militibus

110 653 260 732 torpidos
272 668 377 711 somno
395 650 514 728 iusuper
534 668 641 728 pavore
657 652 819 721 exanimat,
843 669 900 729 quo
922 655 1082 730 praepediti

110 754 174 796 nec
191 753 280 796 arma
300 734 416 810 inpigre
438 751 542 810 capere
564 751 620 792 nec
640 733 785 793 obsistere
801 752 855 793 nee
872 737 986 812 insequi
1000 744 1082 813 pote·

109 827 198 880 rant.
233 819 313 876 inter
328 815 551 892 trepidationem
572 816 785 896 tumultumque
801 818 973 878 Samnitium
997 837 1081 896 prae·
1097 827 1114 876 3

110 902 234 963 sidium
244 901 409 959 llomanum
423 898 512 958 obviis
519 900 689 960 custodibus
696 903 788 961 caesis
801 901 837 961 ad
852 901 1082 962 castraconsulls

111 983 290 1066 pervadit

164 1077 168 1084 '
183 1067 378 1146 Aliquantum
393 1074 544 1143 supererat
558 1067 666 1138 noctis,
682 1068 798 1145 iamque
820 1069 851 1127 in
863 1075 926 1128 tuto
943 1067 1082 1129 videban·
1092 1076 1114 1140 ‚t

111 1162 166 1216 tur
195 1169 279 1219 esse,
302 1169 369 1210 cum
392 1149 497 1209 Decius
514 1197 530 1220 ,,
540 1159 634 1210 macte
662 1153 794 1211 virtute“
821 1153 931 1230 inquitr
950 1149 1082 1222 ,2milites

112 1235 267 1302 Romani,
286 1242 361 1294 este:
378 1242 506 1294 vestrum
522 1236 578 1294 iter
593 1252 627 1294 33
638 1235 762 1295 reditum
779 1237 875 1295 omnia
891 1237 1006 1296 saecula
1021 1235 1082 1297 lau·

113 1321 210 1381 dibus
228 1319 340 1385 333333,
357 1316 408 1376 sed
424 1317 460 1376 ad
476 1318 710 1396 conspiciendam
730 1326 839 1378 tantam
858 1322 994 1379 virtutem
1013 1319 1110 1380 lucet

114 1423 152 1465 33
170 1403 224 1462 die
241 1419 315 1479 opus
330 1407 388 1470 est,
407 1419 463 1462 uec
479 1419 530 1462 vos
544 1402 625 1478 digni
640 1403 725 1470 estis,
750 1421 904 1480 quoscum
922 1411 1000 1462 tanta
1019 1403 1080 1480 glo-

115 1489 164 1551 ria
181 1488 215 1545 in
240 1493 335 1544 333333
356 1483 481 1548 reduces
503 1484 649 1545 silentium
666 1504 701 1544 ac
722 1504 780 1545 nox
798 1494 885 1562 tegat.
918 1487 965 1545 llic
986 1485 1081 1546 lucem

115 1571 215 1652 quieti
235 1570 456 1646 opperiemur.“
483 1567 564 1628 dictis
580 1568 823 1648 obtemperatum.
853 1579 939 1648 atque
954 1570 1005 1629 ubi
1020 1572 1080 1648 pri·
1096 1578 1112 1626 7

116 1674 205 1717 mum
223 1651 342 1722 inluxit,
360 1654 522 1730 praemisso
538 1655 637 1713 nuntio
649 1653 686 1712 ad
701 1654 850 1713 consulem
865 1656 895 1713 in
908 1663 1019 1721 castra,
1036 1656 1081 1713 iu·

116 1741 205 1820 genti
216 1737 322 1815 gaudio
335 1738 528 1816 concitantur.
548 1746 577 1797 33
586 1747 696 1798 3333333
711 1737 776 1798 data
791 1738 952 1798 incolumes
964 1739 1079 1808 reverti,

117 1825 172 1904 qui
194 1839 249 1882 sua
273 1839 398 1898 corpora
413 1840 467 1899 pro
482 1818 575 1880 salute
589 1823 720 1882 omnium
741 1822 818 1882 baud
841 1823 929 1881 dubio
950 1821 1081 1900 periculo

119 1907 320 1973 obiecissent,
337 1923 392 1982 pro
408 1923 439 1964 33
455 1905 578 1983 quisque
597 1905 712 1965 obviam
731 1905 814 1964 ellusi
829 1904 963 1974 laudant,
982 1913 1081 1982 gratu·

118 1987 239 2060 lautur,
256 1987 386 2066 singulos
397 1990 550 2048 universos
561 1998 723 2048 servatores
734 2007 802 2048 suos
815 1999 933 2057 vocant,
950 1988 1004 2046 diis
1020 1987 1080 2047 lau-

118 2073 173 2134 des
189 2081 347 2153 gratesque
362 2080 467 2150 agunt,
485 2072 604 2133 Decium
617 2075 647 2132 in
663 2071 775 2132 caelum
798 2074 906 2132 lerunt.
935 2072 984 2131 bic
1000 2072 1080 2131 Decii
1096 2078 1113 2128 3

119 2158 282 2218 castrensis
294 2156 459 2234 triumphus
474 2156 543 2225 luit,
559 2156 720 2216 incedentis
732 2175 785 2234 per
797 2157 891 2215 media
908 2164 1002 2221 castra
1013 2173 1080 2216 cum

121 2251 237 2300 armato
254 2239 401 2318 praesidio
415 2241 556 2298 coniectis
568 2241 599 2298 in
612 2257 677 2298 eum
696 2241 825 2298 omnium
837 2238 944 2305 oculis,
960 2247 989 2297 et
1000 2240 1081 2297 omni

121 2321 239 2382 bonore
253 2321 404 2382 tribunum
419 2320 533 2381 consuli
552 2321 751 2402 aequantibus.
779 2321 830 2380 ubi
848 2322 882 2380 ad
900 2323 1108 2398 praetoriumb

121 2415 244 2466 ventum
260 2413 317 2474 est,
333 2404 435 2465 consul
451 2406 572 2466 classico
585 2407 620 2465 ad
633 2407 800 2465 contionem
814 2411 966 2473 33333333,
981 2421 1079 2464 orsus·

122 2507 182 2568 qne
207 2491 326 2548 meritas
355 2489 436 2550 Decii
456 2489 558 2549 laudes
584 2491 742 2548 interfante
768 2489 832 2566 ipso
853 2488 941 2548 Decio
970 2487 1081 2560 distulit

123 2573 309 2639 contionem;
340 2573 390 2648 qul
405 2582 507 2633 auctor
524 2575 620 2633 omnia
637 2572 845 2652 posthabendi,
872 2572 941 2631 dum
962 2574 1077 2632 occasio
1090 2579 1123 2630 10

122 2656 154 2716 in
176 2654 313 2716 manibus
332 2663 423 2725 esset,
450 2657 579 2736 perpulit
600 2655 769 2724 consulem,
791 2663 825 2716 ut
839 2656 938 2715 hostes
960 2663 989 2716 et
1010 2672 1079 2713 uoc-

123 2746 214 2800 33333
229 2757 337 2818 pavore
354 2741 489 2800 attonitos
505 2749 534 2800 et
549 2742 628 2800 circa
650 2740 755 2800 collem
771 2737 942 2799 castellatim
958 2738 1080 2816 dissipa-

125 2829 173 2883 333
182 2823 405 2902 adgrederetur:
421 2823 543 2882 eredere
556 2827 658 2893 etiam,
677 2823 788 2904 aliquos
804 2823 840 2882 ad
854 2841 886 2882 33
898 2823 1080 2903 sequendum

125 2908 249 2967 emissos
262 2924 317 2985 per
331 2905 435 2966 saltum
456 2909 563 2984 vagari.
605 2908 700 2966 iussae
715 2908 846 2985 legiones
861 2925 942 2966 arma
961 2923 1076 2984 capere,
1091 2913 1118 2969 lt

126 3003 321 3068 egressaeque
335 2991 449 3059 castris,
466 3007 533 3050 cum
550 3008 605 3069 per
620 2991 821 3069 exploratores
837 2993 934 3049 notior
949 2991 1007 3049 iarn
1023 2988 1079 3048 sal·

125 3075 175 3135 tus
190 3080 280 3140 esset,
302 3073 347 3131 via
363 3074 524 3150 patentiore
546 3073 583 3133 ad
605 3073 721 3135 bostem
746 3074 907 3140 ducuntur;
932 3089 1017 3150 quem
1033 3073 1078 3128 in·
1091 3079 1122 3131 12

127 3162 245 3214 cautum
265 3156 411 3235 inproviso
435 3155 553 3218 adortae
579 3175 646 3217 cum
670 3155 759 3235 palati
773 3159 880 3234 passim
905 3155 1079 3216 Samnitium

125 3237 234 3299 milites
248 3236 382 3318 plerique
398 3239 523 3299 inermes
538 3259 594 3300 nec
608 3243 687 3300 coire
704 3242 735 3298 in
751 3257 841 3298 unum
860 3257 914 3297 neo
929 3255 1010 3298 arma
1031 3256 1078 3296 33-

125 3337 196 3399 pere
211 3339 268 3382 uec
282 3322 413 3400 recipcre
431 3322 508 3383 intra
523 3322 629 3383 vallum
646 3330 678 3382 se
693 3330 827 3401 possent,
844 3329 997 3401 paventem
1016 3321 1077 3400 pri·

125 3419 204 3466 mum
219 3407 251 3466 iu
263 3412 360 3466 eastra
372 3405 553 3484 conpellunt,
571 3406 676 3467 deinde
693 3413 788 3466 castra
806 3407 870 3486 ipsa
881 3404 1006 3467 turbatis
1021 3412 1079 3464 sta·
1157 3407 1164 3414 ”
