2546 3936
325 195 420 238 urana
435 197 477 238 11.
495 195 563 240 oar.
578 185 605 236 4.
621 185 647 238 5.
664 174 703 258 [a.
720 179 754 240 0.
773 177 834 261 321]
1019 185 1061 248 97

99 355 148 406 tur
165 341 302 404 omnihus
323 362 358 404 eo
377 341 443 404 loco
459 351 585 404 mortem
607 343 803 423 oppetendam
825 363 899 406 esse.
928 365 994 408 cum
1010 345 1089 408 diu7

100 429 247 490 silentium
263 427 382 496 luisset,
407 446 463 488 nec
479 425 614 498 consules
636 435 686 488 aut
700 447 754 505 pro
767 428 887 488 loedere
905 437 964 489 tam
981 432 1060 508 turpi

100 520 149 574 aut
163 519 267 571 contra
286 511 390 572 scedus
409 519 468 571 tam
486 513 683 572 necessarium
704 511 819 572 hiscere
838 520 975 590 possent,
997 523 1061 574 tum

100 597 136 658 L.
155 593 314 664 Lentulus,
330 596 380 674 qui
398 593 489 675 [tum]
507 595 646 674 princeps
665 594 827 672 legatorum
847 597 951 656 virtute
974 605 1060 676 atque

100 677 263 741 honoribus
274 687 351 739 erat:
375 686 515 756 „patrem
524 697 623 738 meum
632 687 649 710 “
661 680 769 758 inquit,
782 726 800 749 „
810 677 958 749 eonsules,
972 688 1086 760 saepes

101 761 197 824 audivi
208 770 422 822 memorantem
441 779 471 820 se
494 764 523 820 in
533 759 675 839 Capitolio
687 781 778 822 unum
789 781 848 822 non
858 764 948 823 luisse
960 772 1060 823 aueto-

100 865 166 906 rem
178 846 290 906 senatui
304 845 494 906 redimendae
506 864 577 904 auro
589 863 606 905 a
618 845 707 906 Gallis
720 846 858 917 civitatis,
867 847 993 926 ,qnando
1005 865 1060 907 nec

100 931 178 989 fossa
200 927 334 1008 valloque
357 928 393 990 ab
422 929 608 1006 ignavissimo
630 929 667 988 ad
692 947 781 1008 opera
808 949 842 990 ac
867 930 1060 990 muniendum

101 1015 185 1074 hoste
201 1011 292 1072 clausi
309 1023 408 1074 essent
423 1021 452 1072 et
468 1030 639 1090 erumpere,
663 1014 688 1074 si
703 1031 763 1074 non
778 1014 842 1074 sine
858 1033 966 1092 magno
982 1015 1060 1094 peri·

102 1096 180 1166 culo,
203 1104 302 1156 tamen
315 1098 378 1156 sine
398 1104 476 1156 certa
490 1097 621 1174 pernicie
635 1105 765 1174 possent.
796 1098 873 1176 quod
893 1101 934 1168 si,
955 1096 1012 1158 illis
1027 1103 1089 1158 utu

102 1180 260 1240 decurrere
275 1197 310 1240 ex
326 1179 467 1258 Capitolio
480 1181 599 1240 armatis
614 1180 645 1240 in
659 1177 775 1242 bostem
790 1180 885 1251 licuit,
903 1201 960 1260 quo
972 1200 1060 1260 saepe

101 1262 188 1324 modo
205 1262 315 1322 obsessi
330 1265 361 1323 in
377 1262 544 1324 obsidentes
561 1272 737 1341 eruperunt,
753 1266 793 1323 ita
808 1265 893 1324 nobis
906 1283 998 1344 aequo
1012 1273 1061 1325 aut

100 1348 201 1426 iniquo
216 1345 282 1405 loco
297 1347 456 1406 dimicandi
473 1346 674 1407 tantummodo
691 1365 758 1407 cum
771 1346 856 1407 hoste
871 1349 954 1426 copia
973 1357 1058 1418 esset,

101 1448 161 1489 non
175 1428 248 1488 mibi
262 1431 377 1506 paterni
393 1431 484 1490 animi
500 1428 615 1490 indoles
635 1433 666 1489 in
682 1429 804 1490 consilio
821 1431 916 1490 dando
935 1431 1058 1491 deesset.
1144 1486 1148 1499 ,

102 1511 237 1592 equidem
250 1519 374 1574 mortem
389 1533 444 1592 pro
459 1515 553 1592 patria
567 1512 750 1592 praeclaram
764 1531 828 1573 esse
842 1514 950 1584 fateor,
968 1523 998 1574 et
1011 1533 1059 1576 me
1070 1521 1103 1572 10

102 1595 147 1656 vel
163 1595 306 1656 devovere
320 1615 376 1675 pro
388 1597 497 1675 populo
510 1597 642 1657 Romano
657 1597 880 1676 legionibusque
893 1597 937 1658 vel
952 1599 982 1657 in
998 1617 1059 1658 mc-

101 1681 166 1740 dios
179 1697 228 1740 me
241 1680 390 1740 inmittere
405 1680 503 1740 hostes
517 1689 636 1758 paratus
649 1699 729 1742 sum:
745 1681 797 1741 sed
813 1682 862 1741 bic
876 1683 1000 1760 patriam
1018 1684 1058 1741 vi·
1071 1688 1100 1739 11

101 1763 169 1832 dec,
193 1764 242 1824 bic
263 1763 404 1843 quidquid
431 1764 629 1824 Romanarum
654 1764 803 1842 legionum
825 1773 877 1825 est.
911 1783 985 1845 quae
1005 1766 1061 1824 nisi

100 1865 155 1925 pro
173 1866 204 1906 se
226 1847 296 1924 ipsis
311 1847 347 1908 ad
367 1855 494 1906 mortem
508 1866 597 1906 ruere
613 1847 730 1918 volunt,
749 1848 817 1925 quid
834 1848 959 1920 habent,
982 1848 1059 1927 quod

101 1938 197 1990 morte
213 1947 264 1990 sua
277 1931 411 1990 servent?
438 1938 514 1992 tecta
535 1931 632 2001 urbiS,
647 1932 733 1991 dicat
753 1931 871 2010 aliquis,
894 1942 923 1992 et
942 1934 1059 1992 moenia
1070 1937 1103 1988 12

102 2019 132 2074 et
149 2032 212 2073 eam
229 2013 361 2085 turbam,
379 2033 395 2074 a
412 2033 468 2092 qua
482 2013 554 2076 urbs
569 2013 716 2075 incolitur.
748 2016 838 2074 immo
856 2014 977 2075 hercule
991 2034 1060 2093 pre·

102 2097 211 2158 duntur
226 2116 260 2156 ea
275 2098 373 2158 omnia
389 2097 484 2157 deleto
498 2098 555 2157 boe
572 2100 717 2166 exercitu,
733 2116 793 2157 non
806 2107 968 2158 servantur.
996 2100 1067 2176 quis.

101 2182 180 2240 enim
196 2198 230 2240 ea
245 2180 394 2242 tuebitur?
423 2180 540 2240 inbellis
561 2179 697 2240 videlieet
717 2189 803 2259 atque
824 2183 947 2240 inermis
963 2181 1059 2242 multi·

99 2263 181 2324 tudo.
209 2272 270 2324 tam
284 2264 420 2335 hercule,
432 2282 545 2342 quama
558 2262 707 2324 Gallorum
725 2266 837 2342 impetu
850 2263 989 2324 defendit.
1021 2282 1058 2324 an
1070 2272 1103 2322 13

103 2347 209 2407 aVeiis
230 2351 391 2410 exercitum
411 2347 623 2426 Camillumque
646 2347 750 2408 ducem
771 2345 977 2425 inplorabuntl
1011 2347 1059 2406 bic
1071 2355 1103 2404 14

103 2449 206 2492 omnes
221 2449 289 2510 spes
309 2450 438 2512 opesque
456 2437 539 2502 sunt,
560 2450 632 2509 quas
651 2431 794 2490 servando
816 2431 941 2508 patriam
962 2449 1060 2490 serva·

101 2533 181 2585 mus,
200 2516 335 2577 dedendo
351 2517 385 2577 ad
404 2533 508 2576 necem
529 2517 655 2594 patriam
672 2514 834 2574 deserimus
850 2532 883 2572 ac
897 2514 1059 2591 prodimus.

99 2605 131 2658 at
145 2598 231 2659 loeda
247 2608 333 2678 atque
350 2599 545 2677 ignominiosa
559 2599 668 2658 deditio
685 2605 737 2657 est.
766 2597 818 2658 sed
833 2615 866 2656 ea
881 2599 986 2657 caritas
1006 2615 1057 2676 pa·
1070 2604 1102 2654 lo

100 2683 175 2742 triae
192 2691 251 2752 est,
272 2692 306 2742 ut
325 2691 385 2742 tam
406 2685 567 2759 ignominia
581 2701 647 2742 eam
668 2699 755 2759 quam
781 2689 875 2740 morte
896 2689 1013 2751 nostra,
1036 2683 1061 2741 si

100 2784 174 2844 opus
190 2768 235 2836 sit,
253 2783 412 2828 servemus
442 2765 582 2826 subeatur
594 2783 664 2841 ergo
679 2765 741 2832 ista,
755 2772 988 2845 quantacumque
1004 2773 1056 2835 est,
1071 2773 1102 2822 16

99 2848 273 2924 indignitas,
289 2857 319 2910 et
333 2857 472 2929 pareatur
483 2849 663 2917 necessitati,
681 2867 768 2926 quam
780 2867 817 2907 ne
829 2849 870 2908 dii
881 2850 999 2928 quidem
1010 2869 1059 2910 su·

100 2939 216 3010 perant.
242 2935 291 3001 ite,
308 2932 458 3002 consules,
473 2933 608 2992 redimite
620 2933 709 2991 armis
720 2933 873 3004 civitatem,
888 2952 975 3012 quam
987 2952 1058 2993 amo

101 3014 230 3073 maiores
245 3017 334 3076 vestri
348 3017 569 3079 redemerunt.“

186 3097 220 3156 V.
253 3098 391 3159 Consules
399 3100 526 3178 proiecti
537 3099 573 3158 ad
584 3099 721 3158 Pontium
734 3100 765 3158 in
776 3098 978 3178 conloquium,
994 3115 1060 3157 cum
1073 3106 1084 3154 1

100 3183 139 3242 de
155 3180 277 3242 loedere
292 3183 385 3242 victor
399 3185 536 3260 agitaret,
554 3190 699 3258 negarunt
712 3183 825 3240 iniussu
842 3181 942 3260 populi
957 3181 1060 3241 foedus

98 3265 166 3328 fieri
181 3283 269 3344 posse
288 3283 343 3326 nec
354 3266 417 3326 sine
433 3266 581 3336 fetialibus
598 3265 833 3341 caerimoniaque
845 3264 900 3323 alia
915 3263 1058 3325 sollemni.

98 3350 200 3428 itaque
222 3367 296 3420 non,
316 3357 349 3410 ut
369 3349 455 3428 vulgo
472 3350 604 3418 credunt,
621 3346 815 3425 Claudiusque
839 3349 926 3408 etiam
945 3348 1088 3418 scribite

97 3432 224 3494 loedere
243 3453 300 3513 pax
315 3435 457 3502 Caudina,
473 3433 525 3494 sed
539 3449 595 3498 ber
609 3431 798 3496 sconsionom
814 3431 889 3493 laeta
907 3439 959 3492 est.
989 3433 1087 3511 quida

143 3547 170 3582 r.
187 3549 249 3584 n1v1
268 3549 337 3583 raas
356 3548 391 3584 11.
877 3524 895 3580 7
