2546 3936
192 189 253 250 154
405 199 499 244 omne
512 201 544 244 x.
559 197 627 243 our.
644 187 670 243 d.
685 187 711 239 7.
726 175 767 261 [a.
781 200 813 244 n.
828 199 855 242 e.
870 173 933 262 454]

152 358 184 408 to
215 352 258 410 ari
279 348 422 410 viderent.
456 345 631 410 simulabant
646 345 682 408 ad
701 346 772 408 deos
790 344 822 405 id
842 346 935 423 magis
954 363 1042 426 quam
1060 345 1098 407 ad
1118 365 1155 408 se

190 435 354 514 pertinere:
380 434 458 512 ipsos
477 434 605 502 risuros,
627 449 666 491 ne
687 447 771 493 sacra
793 447 847 490 sua
868 427 1052 508 polluantur:
1073 428 1104 491 ld
1119 449 1154 492 se

192 524 295 598 optare
315 523 445 587 tanturn,
470 533 586 595 nequa
609 517 641 575 in
661 533 724 574 rem
753 510 899 594 publicam
923 512 1021 574 clades
1040 515 1150 577 ventat.

152 611 181 661 11
193 604 290 663 minus
305 609 403 663 autem
418 599 586 669 tetendero,
607 597 720 660 adsueti
739 599 797 659 iam
820 596 870 657 tali
890 614 999 674 genere
1013 600 1152 660 certami-

191 705 263 748 num
282 686 375 755 vinoi;
398 691 428 744 et
448 680 610 744 cernebant
628 681 810 742 adversarios
831 698 892 741 non
912 681 957 752 id,
980 681 1058 759 quod
1079 680 1151 744 obm
1264 725 1265 750 2

190 773 238 830 rix
252 769 450 849 speraverint,
465 765 659 834 adfectantes,
680 781 803 842 magnos
816 765 957 835 honores,
984 765 1036 827 sed
1051 767 1150 828 omnic

190 857 264 924 iam,
291 855 324 913 in
349 869 476 932 quorum
499 867 583 928 spem
607 848 726 909 dubiam
749 856 813 909 erat
832 855 991 918 certatum,
1017 848 1141 930 adeptos

191 936 369 1016 multiplices
380 931 549 994 consulatus
563 949 760 1011 censurasque
775 939 805 992 et
821 933 995 1010 triumphos.

163 1025 176 1080 t
252 1019 311 1080 Vll.
343 1018 493 1079 Certatum
512 1022 612 1078 tamen
635 1014 784 1076 suadenda
810 1014 1062 1096 dissuadendaque
1083 1013 1152 1094 lege

190 1105 269 1164 inter
288 1102 341 1181 Ap.
363 1099 516 1162 Claudium
541 1102 669 1161 maxime
695 1099 796 1160 ierunt
821 1106 851 1160 et
873 1101 952 1160 inter
971 1100 1004 1162 P.
1027 1099 1151 1160 lleeium

164 1187 314 1262 2Murenp.
347 1185 397 1263 qui
414 1202 481 1245 cum
496 1183 600 1246 eadem
622 1184 716 1244 ferme
727 1183 765 1243 de
780 1185 847 1244 iure
860 1189 978 1262 patrum
993 1201 1027 1244 ac
1042 1181 1153 1263 plebis,

190 1287 266 1349 qnae
279 1287 335 1348 pro
351 1266 417 1346 lege
429 1267 540 1330 Licinia
551 1268 699 1348 quondam
709 1273 869 1347 contraque
881 1285 946 1328 eam
961 1268 1037 1329 dicta
1054 1276 1151 1349 erant,

160 1361 257 1415 acum
278 1351 390 1434 plebeis
413 1351 583 1413 consulatus
609 1350 782 1430 rogabatur,
808 1351 1028 1422 disseruissent,
1055 1358 1148 1414 rettu-

190 1436 259 1498 lisse
279 1436 387 1498 dicitur
407 1435 514 1498 Decius
538 1437 670 1514 parentis
693 1437 739 1496 sui
767 1437 912 1515 speciem,
938 1433 1056 1515 qualem
1081 1452 1149 1496 eum

190 1520 288 1592 multi,
307 1521 358 1600 qui
373 1521 404 1580 in
419 1521 557 1580 contione
572 1526 671 1589 erant,
687 1519 837 1589 viderant,
857 1519 1018 1580 incinctum
1033 1517 1149 1580 Gabino

190 1605 269 1666 cultu
291 1620 380 1682 super
400 1602 492 1663 telum
514 1610 655 1672 stantem,
677 1619 735 1682 quo
754 1620 786 1662 se
800 1601 902 1663 habitu
919 1620 974 1680 pro
989 1602 1099 1682 populo
1114 1621 1149 1662 ac

161 1685 355 1764 olegionibus
368 1686 508 1746 Romanis
529 1685 700 1746 devovisset.
733 1693 796 1746 tum
813 1685 846 1747 P.
862 1685 984 1748 Decium
996 1685 1149 1747 oonsrdem

190 1787 297 1848 purum
315 1769 455 1848 piumque
476 1767 539 1828 deis
557 1767 765 1830 inmortalibus
783 1770 894 1840 visum
915 1787 1007 1848 aeque
1023 1788 1058 1831 ao
1073 1771 1098 1830 si
1113 1770 1147 1831 T.
1264 1785 1265 1788 ’

159 1851 313 1915 ollanlius
338 1849 450 1928 collega
472 1853 534 1912 eius
560 1851 768 1913 devoraretur:
811 1853 937 1915 eundem
957 1854 990 1915 P.
1017 1853 1148 1922 Decium,
1264 1851 1265 1930 ξ

190 1937 240 2016 qui
260 1953 343 1998 sacra
366 1933 484 2014 publica
505 1934 608 2016 populi
628 1936 754 1998 Romani
775 1935 900 2008 iaceret,
929 1935 989 2016 legi
1010 1939 1067 1998 rite
1087 1956 1149 1999 non
1264 1973 1265 1976 =

189 2019 337 2100 potuisset
364 2018 395 2078 id
408 2036 471 2080 esse
484 2017 666 2099 periculum,
688 2038 726 2080 ne
745 2038 813 2082 suas
829 2037 933 2100 preces
947 2023 1047 2084 minus
1065 2021 1145 2082 audi·

190 2111 257 2165 rent
278 2103 319 2163 dii
340 2121 426 2181 quam
445 2103 532 2182 dppii
553 2101 683 2168 Claudii?
716 2105 823 2166 castius
843 2123 912 2166 eum
932 2123 1015 2167 sacra
1035 2107 1144 2186 privata

160 2186 289 2246 dsaoere
305 2193 334 2247 et
344 2185 510 2263 religiosius
522 2187 593 2248 deos
604 2187 703 2249 colere
716 2207 803 2266 quam
818 2188 867 2249 sel
892 2207 979 2268 quem
995 2191 1147 2269 paenitere
1264 2191 1265 2200 ’

188 2277 337 2341 totorum,
357 2287 432 2349 quae
449 2288 503 2350 pro
521 2269 685 2350 republica
702 2275 934 2352 nuncupaverint
953 2279 997 2334 tot
1012 2271 1148 2334 consules

188 2353 299 2435 plebei,
330 2359 373 2415 tot
392 2353 549 2415 dictatores
570 2362 620 2416 aut
649 2355 686 2416 ad
708 2357 854 2418 exercitus
876 2365 979 2418 euntes
999 2365 1049 2418 aut
1068 2359 1148 2418 inter
1264 2371 1265 2400 l

162 2441 252 2518 ripsa
269 2435 364 2498 bollai
394 2444 623 2500 numerarentur
639 2438 729 2500 duces
744 2457 846 2500 eorum
863 2459 1022 2511 annorum,
1039 2439 1147 2521 quibus
1264 2433 1265 2446 ¹

188 2521 371 2602 plebeiorum
388 2521 477 2582 ductu
495 2528 525 2582 et
545 2523 675 2601 auspicio
696 2540 745 2582 res
765 2525 829 2600 geri
853 2532 974 2604 coeptae
995 2527 1068 2594 sint:
1091 2543 1145 2586 nu·

133 2648 136 2655 =
189 2611 375 2668 onerarentur
389 2605 549 2684 triumphi:
564 2607 623 2666 iam
639 2623 677 2666 ne
691 2605 850 2668 nobilitatis
864 2608 982 2687 quidem
997 2627 1066 2670 suae
1082 2607 1146 2688 ple·
1264 2607 1265 2662 l

158 2689 270 2750 8beios
284 2689 445 2768 paenitere.
477 2706 532 2767 pro
548 2695 629 2749 certo
643 2688 768 2761 habere,
785 2691 899 2772 siquod
912 2710 1020 2772 repens
1034 2691 1145 2753 bellum

189 2774 316 2838 oriatur,
339 2789 399 2832 non
415 2771 482 2850 plus
492 2773 556 2850 spei
569 2772 634 2833 fore
648 2775 762 2835 senatui
779 2774 946 2857 populoque
960 2777 1092 2838 Romano
1113 2778 1146 2838 in
1264 2781 1265 2834 l

157 2854 317 2932 epatriciis
335 2855 475 2931 quam-in
488 2855 601 2933 plebeis
623 2856 756 2918 ducibus.
785 2859 890 2937 „quod
905 2861 1023 2921 comita
1040 2878 1073 2921 se
1099 2858 1149 2922 ha·
1264 2893 1265 2902 κ

187 2937 267 3007 beat,
295 2937 341 2994 cui
367 2935 489 2997 deorum
513 2937 702 2999 hominumve
726 2938 881 3018 indignum
900 2944 994 3005 videri
1021 2951 1134 3024 potestr

188 3020 282 3099 inquit
303 3036 381 3090 „eos
403 3021 495 3090 viros,
520 3039 593 3099 quos
614 3041 665 3082 vos
684 3022 764 3083 sellis
784 3027 950 3100 curulibus,
970 3036 1038 3106 toga
1058 3045 1139 3108 prae·

187 3111 280 3173 texta,
303 3103 401 3164 tunica
417 3103 544 3183 palmata
562 3111 591 3164 et
612 3113 678 3185 toga
692 3108 769 3187 picta
794 3117 823 3170 et
844 3129 952 3173 corona
974 3110 1143 3190 triumphali

187 3187 343 3267 laureaque
358 3187 549 3260 honoraritis,
571 3207 696 3269 quorum
711 3190 814 3254 domos
831 3194 931 3273 spoliis
949 3196 1076 3256 hostium
1093 3195 1145 3256 ad·
1264 3213 1265 3264 3

187 3271 251 3332 fixis
267 3272 397 3350 insignes
413 3274 490 3334 inter
505 3272 576 3335 alias
593 3273 737 3346 feceritis,
757 3278 934 3355 pontificalia
951 3287 1037 3357 atque
1052 3295 1142 3356 augu-
1264 3277 1265 3306 ⁴

146 3353 262 3414 toralia
282 3356 406 3433 insignia
428 3357 563 3420 adicere?
595 3361 646 3438 qui
668 3359 743 3420 lovis
767 3363 869 3441 optimi
892 3363 1011 3424 maximi
1038 3369 1144 3424 ornatu

188 3435 355 3508 decoratus,
378 3457 468 3500 curru
483 3448 585 3502 aurato
606 3461 660 3521 per
675 3442 780 3504 urbem
802 3453 900 3507 vectus
921 3447 953 3506 in
970 3444 1143 3524 Capitolium
