2538 3946
296 201 476 246 rnaroorssa
488 203 649 246 arenosum
662 204 706 244 xi.
720 204 777 247 xri.
791 203 861 246 1111.
998 190 1059 254 201

31 348 113 398 viri
130 351 278 418 capitales
290 357 351 400 tuno
360 350 471 416 primum
483 351 561 399 creati
569 357 637 400 sunt.
659 365 737 402 censu
746 359 801 401 acto
810 351 917 402 lustrum
930 354 1060 404 conditum

36 425 122 466 est:
150 433 244 469 censa
260 425 320 468 sunt
331 418 425 466 ciuium
443 418 526 482 capita
537 418 658 472 m
677 419 750 483 plebs
767 428 871 484 propter
887 435 931 471 ses
947 421 1058 471 alienum

38 492 136 547 post
153 499 258 550 graves
272 492 296 535 et
307 487 397 549 longas
410 484 549 534 seditiones
566 485 600 534 ad
610 484 727 535 ultimum
739 487 846 536 secessit
862 487 888 536 in
905 488 1058 554 Ianiculum,

39 551 152 601 unde
171 567 192 602 a
202 551 232 614 Q.
243 552 377 602 demensio
391 551 513 602 dictatore
525 552 634 602 deducta
647 559 700 615 est;
713 552 787 616 isque
798 554 825 603 in
837 555 895 620 ipso
907 557 1057 620 magistratu

42 617 217 674 decessit.
245 634 287 669 res
299 629 429 684 praeterea
446 627 534 672 conus
550 618 728 670 Vulsinienses
745 629 832 684 gestas
848 623 973 687 continet,
995 625 1057 673 item

45 687 223 738 adversus
234 686 365 750 Lucanos,
378 693 466 736 eontra
478 701 542 750 quos
554 685 680 736 auxilinm
691 686 811 740 Thurinis
823 687 889 738 ierne
900 689 1037 755 placuerat.

379 970 567 1034 PERIOCHh
588 970 690 1032 LIBRI
707 970 771 1032 XII.

163 1123 227 1176 Gum
250 1123 327 1189 legati
342 1124 513 1174 Rornanorum
531 1120 638 1172 aGallis
655 1123 801 1174 Senonibus
817 1122 944 1174 interiecti
961 1134 1058 1190 essent,

61 1191 160 1242 bello
173 1193 206 1242 ob
219 1191 246 1242 id
258 1190 337 1242 Gallis
348 1191 443 1241 indicto
450 1227 457 1252 ‚
474 1189 505 1242 L.
517 1188 643 1240 Caecilius
660 1197 763 1256 praetor
779 1190 812 1240 ab
825 1191 861 1240 eis
878 1205 937 1242 cum
948 1191 1056 1262 legioni-

66 1261 139 1310 bus
159 1274 250 1310 caesus
268 1267 317 1310 est.
346 1273 403 1308 cum
420 1272 435 1306 a
452 1257 596 1306 Tarentinis
618 1256 708 1308 classis
724 1257 839 1307 Romana
861 1258 959 1324 direpta
979 1271 1057 1323 esset,

72 1327 241 1386 duumviro,
251 1326 295 1390 qni
307 1333 423 1390 praeerat
434 1323 520 1383 classi,
533 1324 627 1387 occiso,
639 1325 725 1389 legati,
737 1325 771 1376 ad
783 1339 828 1375 eos
840 1339 855 1374 a
867 1335 970 1391 senatu,
985 1335 1012 1377 ut
1024 1328 1057 1379 de

69 1393 131 1444 his
148 1394 250 1444 iniuriis
267 1399 444 1456 quererentur,
463 1391 547 1454 missi,
562 1391 658 1458 pulsati
674 1400 742 1444 sunt.
767 1394 799 1444 ob
816 1393 844 1442 id
856 1393 951 1443 bellum
964 1395 1000 1444 eis
1018 1397 1059 1446 in·

76 1461 190 1512 dictum
205 1467 252 1512 cst.
276 1460 402 1511 Samnites
415 1457 571 1511 deiecerunt.
596 1459 718 1510 adversus
732 1474 776 1510 eos
787 1468 812 1510 et
822 1459 940 1514 Lucanos
952 1468 977 1511 et
988 1461 1054 1512 Brit·

77 1529 144 1578 tios
158 1533 183 1577 et
195 1527 315 1578 Etruscos
332 1526 429 1590 aliquot
440 1526 543 1591 proeliis
555 1541 571 1577 a
582 1526 744 1592 conpluribus
758 1527 866 1579 ducibus
877 1529 943 1578 bene
954 1543 1055 1594 pugne·

79 1606 147 1646 tum
161 1603 209 1644 est.
236 1594 349 1660 Pyrrhus
364 1593 527 1660 Epirotarum
543 1608 602 1656 rex,
624 1602 654 1644 ut
670 1595 793 1646 auxilinm
811 1595 953 1646 Tarentinis
969 1595 1055 1660 ferret,

82 1665 119 1712 in
136 1661 235 1712 Italiam
253 1663 329 1712 venit.
358 1661 460 1711 cumin
487 1661 645 1727 praesidium
661 1663 817 1728 Reginorum
837 1662 905 1728 legio
925 1662 1056 1728 Campana

83 1744 150 1780 cum
161 1727 290 1795 praelecto
301 1729 378 1780 Decio
390 1727 501 1780 Vibellio
517 1728 596 1779 missa
609 1739 692 1793 esset,
716 1731 807 1781 occisis
823 1729 929 1796 Reginis
946 1731 1057 1797 Regium

85 1797 234 1862 occupavit.

376 1993 564 2058 PERlOCllA
582 1995 684 2057 LIBRI
702 1995 777 2058 Xlll.

159 2148 277 2199 Valerius
293 2147 422 2196 Laevinus
438 2146 529 2195 consul
546 2160 637 2211 parum
654 2159 776 2210 prospere
792 2145 916 2196 adversus
931 2145 1056 2210 Pyrrhum

92 2216 232 2282 pugnavit,
251 2213 443 2280 elephantorum
459 2200 571 2262 maxdne
588 2213 720 2262 inustitata
736 2213 801 2263 iecie
816 2214 910 2263 territis
921 2215 1055 2267 militibus.

93 2291 152 2347 post
163 2282 190 2330 id
202 2281 327 2346 proelium
340 2293 399 2328 cnm
411 2291 518 2344 corpora
529 2279 714 2338 Romanorum,
732 2280 776 2343 qui
788 2281 815 2329 in
833 2281 887 2330 acie
898 2281 1055 2344 ceciderant,

93 2347 205 2414 Pyrrhus
216 2347 367 2412 inspiceret,
380 2345 465 2394 omnia
481 2358 556 2395 versa
572 2345 598 2394 in
609 2345 710 2398 hostem
722 2347 831 2397 invenit.
854 2346 1057 2413 populabundus

94 2431 175 2478 usque
186 2414 220 2465 ad
237 2415 327 2465 urbem
339 2413 480 2462 Romanam
492 2413 626 2477 processit.
652 2411 679 2463 G.
693 2413 822 2464 Fabricius
839 2415 934 2464 misem
952 2414 985 2464 ad
997 2429 1056 2466 eum

95 2498 110 2534 a
122 2489 223 2545 senatu,
237 2490 266 2531 ut
277 2481 310 2531 de
320 2478 475 2530 redimendis
487 2478 595 2544 captivis
606 2486 705 2544 ageret,
717 2479 825 2538 frustra,
843 2488 872 2530 nt
887 2482 996 2545 patriam
1009 2481 1055 2531 de-

97 2557 201 2609 sereret,
225 2563 316 2614 arege
333 2553 472 2612 temptatus
490 2553 537 2599 est.
574 2547 667 2613 captivi
692 2547 748 2597 sine
769 2547 851 2612 pretio
867 2548 968 2598 remissi
986 2557 1056 2601 sunt.

98 2617 186 2668 (lineas
198 2616 298 2680 legatus
310 2629 325 2664 a
337 2612 434 2679 Pyrrho
446 2612 479 2661 ed
490 2620 607 2663 senatum
624 2614 721 2665 missus
732 2615 817 2682 petiit,
831 2623 860 2664 ut
871 2615 1058 2680 conponendae

96 2684 165 2751 pacis
177 2697 254 2734 cansa
266 2697 313 2732 rex
323 2682 351 2731 in
367 2681 456 2730 urbem
472 2681 635 2744 reciperetur,
665 2682 697 2731 de
715 2695 764 2743 qua
781 2697 809 2730 re
821 2697 878 2731 curn
890 2681 924 2731 ad
933 2681 1056 2745 frequen·

96 2755 183 2804 tiorem
199 2758 316 2800 senatum
331 2747 420 2800 referri
442 2745 593 2812 placuisset,
609 2749 710 2812 Appius
730 2747 863 2811 Claudius,
886 2749 928 2812 qui
951 2757 1056 2815 propter

97 2818 263 2870 valetudinem
275 2815 405 2867 oculorum
416 2815 468 2864 iam
480 2814 523 2864 diu
534 2814 649 2865 consiliis
661 2815 772 2879 publicis
785 2831 814 2866 se
826 2816 996 2876 abstinuerat,
1009 2831 1055 2866 ve·

98 2888 134 2936 uit
144 2887 169 2936 in
180 2885 275 2936 curiam
288 2892 312 2934 et
329 2882 456 2934 sententia
473 2895 521 2932 sua
532 2883 626 2942 tenuit,
643 2889 672 2931 ut
688 2882 714 2931 id
726 2881 823 2947 Pyrrho
840 2892 983 2948 negaretur.
1008 2881 1054 2934 On.

98 2954 218 3004 Domitius
235 2965 326 3002 censor
352 2951 450 3016 primns
467 2961 501 2998 cx
520 2949 595 3015 plebe
617 2949 725 3000 lustrum
742 2950 869 3001 condidit:
897 2965 974 3001 censa
995 2959 1055 3000 sunt

101 3021 188 3070 civium
200 3020 283 3084 capita
296 3017 450 3074 fidff—XXVH
465 3027 567 3072 ccxxll.
590 3017 682 3066 iterum
699 3016 821 3068 adversus
833 3017 958 3082 Pyrrhum
976 3018 1056 3068 dubio

102 3095 186 3136 eventu
198 3093 338 3150 pugnatum
351 3093 399 3137 est.
428 3098 486 3134 cum
500 3083 751 3149 Carthaginiensibus
768 3091 858 3147 quarto
874 3083 967 3133 foedus
978 3097 1055 3133 reno-

101 3161 181 3203 vatum
193 3161 239 3204 est.
265 3166 323 3200 cum
336 3151 362 3203 G.
374 3151 490 3200 Fabricio
503 3151 603 3200 consuli
614 3151 651 3212 is,
664 3152 709 3214 qui
720 3151 754 3200 ad
766 3165 825 3201 eum
837 3165 852 3199 a
862 3149 960 3214 Pyrrho
971 3158 1054 3200 trans·

102 3221 208 3286 lugeret,
225 3217 388 3284 polliceretur
398 3231 526 3266 venenum
537 3231 566 3266 se
577 3219 631 3281 regi
644 3217 775 3280 daturum,
792 3232 851 3267 cum
861 3216 956 3268 iudicio
968 3217 1003 3266 ad
1013 3231 1054 3265 re·

102 3303 155 3354 gem
178 3285 301 3336 remissus
324 3295 372 3334 est.
414 3297 456 3333 res
479 3291 609 3348 praeterea
634 3293 720 3333 contre
742 3284 860 3335 Lucanos
885 3291 909 3333 et
931 3281 1055 3346 Bruttios,

105 3355 222 3406 Samnites
241 3359 265 3402 et
276 3353 397 3402 Etruscos
409 3363 533 3415 prospere
544 3357 630 3414 gestas
643 3351 763 3401 continet.

474 3481 676 3492 -ι--ιυ-ιυ-ι
