2538 3946
315 238 410 280 nunna
422 237 487 280 m.
504 235 572 278 osu.
584 222 628 276 30.
645 213 744 298 31.[a.
761 213 872 296 &2181
1012 219 1075 285 229

115 385 299 450 obsedissent
317 383 398 445 velut
417 383 454 444 ob
471 401 578 444 noxam
598 382 655 443 sibi
674 382 743 443 dedi
766 381 927 460 postularet
947 382 1074 463 populus

113 471 277 539 Romanus,
292 467 435 530 Hiberum
450 468 602 527 traiecisse
617 464 654 526 ad
669 464 826 528 delendum
842 483 951 528 nomen
966 467 1074 528 Roma·

113 571 220 616 norum
232 549 476 630 liberandumque
485 549 589 612 orbem
600 557 757 612 terrarum.
784 557 846 610 tum
858 551 970 612 nemini
981 551 1102 611 risumt

112 637 143 697 id
162 637 299 714 longum,
322 651 388 696 cum
413 631 452 694 ab'
470 651 576 695 occasu
596 632 667 694 solis
688 633 725 694 ad
745 640 864 696 exortus
885 632 1076 694 intenderent

112 721 184 782 iter:
211 735 304 789 nunc,
336 724 492 798 postquam
522 716 614 779 multo
641 717 784 779 malorem
815 724 931 795 partem
962 717 1102 779 itineriso

113 819 265 865 emensam
285 808 421 870 cernant,
445 801 629 880 Pyrenaeum
648 799 755 862 saltum
777 803 856 862 inter
876 801 1075 861 ferocissimas

113 894 217 966 gentes
229 891 407 965 superatum,
422 883 611 954 Rhodanum,
628 890 741 946 tantum
753 901 886 954 amnem,
901 890 945 944 tot
955 881 1074 944 milibus

112 969 263 1032 Gallorum
294 968 519 1049 prohibentibus
541 967 650 1030 domita
678 969 765 1030 etiam
787 969 879 1047 ipsius
898 967 1075 1028 fluminisvi

112 1055 281 1122 traiectum,
306 1053 338 1112 in
362 1060 521 1132 conspectu
535 1051 616 1131 Alpis
635 1049 777 1120 habeant,
803 1068 927 1131 quarum
949 1049 1073 1112 alterum

111 1135 190 1198 latus
214 1134 313 1197 ltaliae
340 1137 393 1205 sit,
422 1138 454 1196 in
471 1137 543 1214 ipsis
572 1135 665 1212 portis
687 1133 814 1195 hostium
841 1134 975 1212 fatigatos
1003 1133 1073 1194 sub·

111 1222 225 1290 sistere,
241 1253 285 1266 —
300 1219 371 1298 quid
384 1218 468 1298 Alpis·
483 1217 561 1289 aliud
576 1235 639 1278 esse
656 1216 811 1278 credentes
827 1235 915 1298 quam
930 1219 1102 1278 montiumo

111 1302 297 1366 altitudines!
318 1303 466 1380 lingerent
483 1297 602 1362 altiores
617 1302 760 1380 Pyrenaei
780 1303 870 1380 iugis:
895 1299 989 1362 nullas
1004 1309 1100 1381 pro-7

111 1387 190 1448 tecto
202 1398 298 1448 terras
309 1384 423 1446 caelum
436 1385 608 1462 confingere
619 1402 675 1445 nec
685 1383 930 1464 inexsuperabilis
942 1385 1073 1445 humano

111 1472 216 1547 generi
228 1487 308 1530 esse:
320 1467 401 1548 Alpis
413 1468 531 1548 quidem
543 1467 677 1539 habitari,
691 1467 748 1530 coli
758 1470 881 1546 gignere
893 1474 980 1548 atque
993 1465 1073 1528 alere

112 1554 521 1631 animantes3perriaspaucis
529 1554 727 1628 esseperoias
735 1551 921 1614 exercitibus.
930 1551 1103 1629 cosipsos‚8

112 1655 187 1716 quos
198 1645 329 1705 cernant,
344 1635 456 1713 legatos
467 1653 527 1697 non
537 1635 774 1716 pinnis-sublime
786 1634 877 1696 elatos
886 1634 967 1714 Alpis
977 1641 1075 1694 hans-

111 1735 239 1796 gressos.
265 1737 304 1780 ne
316 1721 445 1782 maiores
459 1719 577 1800 quidem
589 1737 691 1780 corum
702 1718 865 1798 indigenas,
882 1718 934 1780 sed
947 1717 1073 1780 advenas

111 1801 212 1864 ltaliae
227 1801 355 1865 cultores
369 1803 422 1864 bas
436 1805 513 1882 ipsas
527 1802 607 1882 Alpis
620 1802 790 1882 ingentibus
805 1821 894 1883 saepe
908 1800 1077 1882 agminibus

112 1905 180 1946 cum
194 1885 296 1946 liberis
312 1904 346 1946 ac
359 1886 534 1964 coniugibus
549 1887 739 1964 migrantium
754 1885 841 1946 modo
857 1893 920 1946 tuto
936 1887 1073 1948 transmi-

111 1971 194 2030 sisse.
216 1968 426 2050 militiquidem
434 1979 546 2032 armato
558 1967 631 2030 nihil
638 1987 739 2030 secum
747 1976 865 2049 praeter
877 1969 1072 2028 instrumenta
1084 1973 1101 2024 9

110 2052 183 2114 belli
197 2056 327 2133 portanti
338 2053 409 2133 quid
423 2055 534 2113 invium
546 2060 596 2112 aut
609 2049 846 2129 inexsuperabile
858 2051 940 2112 essai
959 2051 1072 2128 Sagun-

113 2145 177 2198 tum
193 2143 227 2198 ut
241 2145 412 2214 caperetur,
427 2135 497 2215 quid
510 2153 564 2212 per
579 2141 645 2194 octo
660 2152 776 2194 menses
790 2133 926 2214 periculi,
944 2133 1014 2214 quid
1031 2133 1072 2194 la·

111 2219 193 2280 boris
214 2219 386 2280 exhaustum
411 2219 492 2278 essci
530 2217 668 2288 Romam,
699 2224 786 2297 caput
808 2217 888 2278 orbis
910 2223 1067 2287 morarum,
1082 2223 1114 2275 10

111 2301 281 2382 petentibus
295 2303 451 2380 quicquam
471 2301 546 2362 adeo
561 2317 697 2379 asperum
715 2308 802 2381 atque
825 2301 950 2361 arduum
968 2300 1070 2371 videri,

113 2385 192 2464 quod
204 2385 355 2462 inceptum
366 2385 518 2445 moraturi
533 2385 647 2462 cepisse
661 2384 809 2464 quondam
825 2382 922 2445 Gallos
937 2402 979 2454 ea,
995 2401 1070 2464 quae
1080 2391 1120 2443 11r

112 2467 188 2528 adiri
202 2485 289 2547 posse
303 2467 420 2528 Poenus
434 2466 587 2547 desperet:
610 2468 736 2546 proinde
752 2475 802 2529 aut
816 2467 957 2528 cederent
973 2469 1073 2528 animo

112 2558 200 2630 atque
216 2551 322 2611 virtute
343 2552 423 2628 genti
436 2569 491 2630 per
508 2569 558 2613 eos
578 2550 640 2612 dies
660 2553 767 2614 totiens
791 2550 827 2611 ab
844 2568 876 2612 se
895 2553 1003 2621 deme,
1022 2557 1073 2612 aut

110 2635 225 2696 itineris
248 2633 337 2695 linem
363 2643 484 2714 sperent
510 2652 647 2714 campum
669 2637 893 2697 interiacentem
912 2633 1014 2695 Tiberi
1037 2651 1072 2694 ac

111 2718 266 2780 moenibus
281 2719 430 2780 Romanis.

174 2802 276 2864 XXXI.
308 2802 360 2863 llis
380 2801 634 2864 adhortationibus
658 2803 795 2864 incitatos
816 2820 940 2881 corpora
967 2807 1097 2863 curaret

112 2892 199 2964 atque
214 2884 250 2946 ad
271 2888 328 2947 iter
344 2904 375 2946 se
396 2905 502 2966 parare
520 2886 613 2949 iubet.
646 2895 765 2967 postero
790 2887 836 2946 die
853 2886 1005 2965 profectus
1021 2886 1099 2948 ad·2

112 2986 197 3028 versa
218 2972 282 3048 ripa
298 2970 434 3032 Rhodani
456 2972 673 3033 mediterranea
688 2969 799 3032 Galliae
818 2971 905 3049 petit,
927 2988 986 3030 non
1002 2971 1069 3047 quia

112 3053 223 3111 rectior
238 3052 275 3113 ad
289 3052 369 3130 Alpis
385 3056 429 3114 ria
442 3064 533 3126 esset,
548 3055 601 3116 sed
616 3061 756 3134 quantum
772 3073 788 3112 a
803 3055 879 3113 mari
889 3053 1068 3120 recessisset,

113 3135 211 3195 minus
226 3133 342 3194 obvium
363 3135 427 3196 lore
441 3137 607 3198 Romanum
628 3138 767 3205 credens,
791 3154 859 3196 curn
877 3153 949 3214 quo,
971 3135 1095 3212 prius-3

114 3236 202 3298 quam
216 3219 247 3278 in
264 3216 376 3278 ltaliam
387 3225 506 3280 ventum
529 3221 620 3289 foret,
642 3237 701 3279 non
716 3225 780 3278 erat
798 3219 829 3278 in
845 3219 943 3277 animo
965 3234 1070 3277 manus

114 3319 282 3363 conserere.
313 3303 425 3380 quartis
449 3304 553 3365 castris
568 3302 606 3362 ad
618 3301 746 3364 Insulam
760 3302 902 3380 pervenit.
934 3301 976 3362 ibi
989 3301 1099 3362 Isaras

113 3384 331 3464 Rhodanusque
347 3403 448 3446 amnes
468 3387 590 3448 dirersis
612 3406 647 3447 ex
663 3385 784 3466 Alpibus
800 3385 991 3446 decurrentes
1006 3385 1069 3463 agri

114 3469 293 3552 aliquantum
317 3468 443 3550 amplexi
465 3470 617 3532 confluunt
639 3473 671 3534 in
691 3488 799 3540 unum;
828 3468 933 3532 mediis
959 3469 1074 3552 campis
