2538 3946
187 97 253 160 216
340 109 435 151 mnus
448 108 512 150 m.
527 106 594 152 cor.
611 97 653 151 ta.
669 98 712 151 14.
732 97 775 151 15.
791 87 832 171 [a.
845 111 877 154 n.
892 111 918 153 c.
934 87 1010 171 536]

157 255 338 337 'ipubtiourn
350 257 568 335 privatumque,
580 255 617 316 ad
628 273 660 316 se
669 253 753 317 iubet
764 254 887 326 deferri;
903 272 1053 334 corpora
1071 261 1214 328 vestra,

194 340 352 416 coniugum
366 357 401 399 ao
416 337 578 400 liberorum
599 345 763 400 vestrorum
779 347 874 400 servat
887 338 1064 410 inviolata,
1099 340 1137 400 si
1157 341 1212 399 in·
1239 343 1240 366 ¹

161 428 289 483 tiermes
300 439 367 484 oum
378 421 458 482 binis
470 422 649 483 vestimentis
659 421 754 484 velitis
764 421 800 482 ah
814 423 945 501 Sagunto
958 424 1078 483 exire.
1113 422 1209 483 haec

190 507 285 566 victor
298 505 391 566 hostis
406 507 546 584 imperat;
563 505 650 575 haec,
667 523 843 585 quamquam
859 513 928 567 sunt
941 507 1063 584 gravia
1091 513 1204 584 atque

191 588 311 659 acerba,
334 589 451 649 fortuna
470 595 567 650 vestra
585 587 668 648 vobis
687 589 799 650 suadet.
836 589 971 670 equidem
996 587 1109 650 haud
1139 589 1201 648 de·

190 690 293 751 spero,
316 690 384 732 cum
404 672 536 733 omnium
555 677 684 751 potestas
705 672 820 733 eiiacta
839 674 891 743 sit,
915 672 1033 752 aliquid
1063 689 1115 732 ex
1143 671 1199 732 his

190 754 281 816 rebus
300 756 510 826 remissurum
531 755 583 817 sed
603 754 649 815 vel
671 755 744 816 haec
764 756 901 835 patienda
920 772 1037 816 censeo
1065 757 1197 834 potius

192 857 282 920 quam
307 838 450 899 trucidari
476 856 602 918 corpora
627 845 739 909 restro,
761 841 826 918 rapi
849 838 985 917 trahique
1011 847 1101 900 ante
1127 857 1192 900 ora

192 927 290 982 vestra
305 923 445 999 coniuges
459 937 493 981 ao
507 920 618 982 liberos
634 919 705 982 belii
719 923 785 983 iure
798 923 931 983 sinatis.“

150 1010 180 1063 -l
255 1005 327 1065 xlv.
352 1004 396 1065 nd
407 1004 480 1065 hacc
491 1004 713 1067 audiendacum
728 1005 904 1066 circumfusa
918 1003 1073 1084 paulatim
1092 1003 1185 1065 mul-

193 1087 317 1148 titudine
337 1089 515 1166 permixtum
539 1089 655 1150 senatui
680 1097 758 1150 esset
780 1087 883 1168 populi
903 1088 1093 1160 concilium,
1121 1106 1181 1148 re·
1238 1141 1240 1172 q

193 1177 284 1249 pente
302 1173 449 1249 primores
476 1172 643 1234 secessione
669 1173 760 1242 iacta,
781 1174 953 1252 priusquam
972 1189 1177 1251 responsum
1238 1185 1240 1250 ᾗ

195 1253 330 1323 daretur,
347 1261 502 1334 argentum
513 1273 676 1335 nurumque
691 1273 779 1317 omne
794 1273 831 1316 ex
843 1254 962 1334 publico
977 1256 1175 1334 privatoque
1238 1263 1240 1330 p

193 1337 226 1397 in
239 1337 337 1399 iorum
359 1338 507 1400 conlatum
528 1341 560 1399 in
581 1339 681 1417 ignem
702 1338 739 1400 ad
762 1339 793 1399 id
810 1341 918 1418 raptim
938 1338 1053 1399 iactum
1075 1339 1171 1399 coni·
1231 1375 1240 1458 p

168 1421 309 1483 acientes
330 1421 434 1483 eodem
451 1421 585 1501 plerique
600 1430 694 1483 semet
706 1423 764 1502 ipsi
780 1423 1060 1502 praecipitaverunt.
1091 1439 1166 1482 cum

197 1521 233 1564 ex
248 1522 283 1566 eo
296 1523 388 1584 pavor
407 1523 441 1565 ac
461 1506 618 1585 trepidatio
632 1511 722 1567 totam
740 1504 846 1566 urbem
861 1507 1054 1584 pervasisset,
1082 1503 1164 1566 alius

194 1587 316 1665 insuper
339 1587 480 1648 tumultus
505 1605 542 1647 ex
566 1605 634 1648 aroc
662 1589 787 1648 auditur.
827 1589 918 1649 turris
938 1589 989 1650 diu
1016 1598 1161 1668 quassata

194 1667 379 1748 prociderat,
395 1687 507 1748 perque
524 1672 641 1730 ruinam
657 1670 719 1732 eius
734 1671 842 1731 cohors
857 1672 1025 1732 Poenorum
1039 1673 1157 1750 impetu

196 1751 273 1813 iacto
289 1769 355 1813 oum
368 1754 483 1829 signum
498 1753 671 1832 imperatori
687 1753 815 1814 dedisset
829 1753 968 1816 nudatam
979 1754 1156 1816 stationibus

170 1835 396 1916 tcustodiisque
411 1834 503 1896 solitis
519 1836 647 1897 hostium
663 1854 726 1898 esse
737 1837 859 1907 urbem,
879 1854 940 1898 non
956 1838 1150 1898 cunctandum

197 1920 227 1980 in
249 1917 301 1979 tali
321 1920 475 1980 occasione
499 1922 580 1982 ratus
603 1919 749 1980 Hannibal
771 1922 840 1982 totis
860 1919 971 1982 viribus
996 1920 1149 1998 adgressus

198 2001 304 2064 urbem
322 2010 472 2063 momento
492 2005 570 2082 cepit
584 2003 669 2082 signo
684 2003 767 2074 dato,
790 2011 823 2065 ut
836 2021 939 2065 omnes
959 2003 1081 2082 puberes
1100 2006 1145 2064 in-

197 2086 413 2148 terficerentur.
456 2087 535 2169 quod
562 2089 721 2166 imperium
741 2087 875 2157 crudele,
908 2093 1036 2148 ceterum
1053 2104 1144 2167 prope

169 2169 398 2230 anecessariom
420 2171 569 2248 cognitum
596 2172 660 2249 ipso
684 2178 790 2232 eventu
810 2178 869 2232 est:
902 2171 950 2230 cui
971 2171 1044 2230 enim
1063 2171 1142 2250 parci

196 2253 292 2332 potuit
307 2253 408 2324 exiis,
424 2254 474 2332 qui
483 2259 539 2324 ¹aut
554 2253 659 2314 inclusi
674 2272 742 2315 cum
755 2253 929 2332 coniugibus
944 2270 978 2314 ao
989 2252 1081 2314 liberis
1091 2253 1140 2314 do·

198 2353 264 2395 mos
284 2353 373 2414 super
389 2355 421 2397 se
437 2338 518 2416 ipsos
540 2345 815 2408 concremaverunt,
838 2344 888 2398 aut
913 2338 1015 2398 armati
1032 2335 1137 2397 'nullum

171 2423 266 2479 laute
282 2419 371 2480 tinem
386 2437 502 2499 pugnae
517 2439 605 2500 quam
628 2422 789 2482 morientes
816 2419 968 2481 iecerunt?
1007 2419 1059 2480 XV.
1087 2420 1135 2481 Ca·

198 2510 283 2582 ptum
297 2503 438 2582 oppidum
454 2510 498 2564 est
512 2521 579 2564 oum
591 2504 704 2582 ingenti
716 2504 834 2584 praeda.
866 2520 1036 2583 quamquam
1048 2503 1133 2582 plera·
1239 2557 1240 2588 q

200 2603 256 2665 que
268 2585 304 2646 ab
316 2583 446 2648 'dominis
461 2585 498 2648 de
509 2587 652 2648 industria
664 2595 803 2667 corrupta
817 2594 915 2656 erant,
931 2594 961 2647 et
974 2587 1004 2646 in
1013 2585 1132 2648 caedibus
1239 2593 1240 2666 ξ

199 2669 248 2727 vix
263 2667 356 2739 ullum
372 2669 530 2730 discrimen
546 2673 648 2731 aetatis
664 2673 709 2733 ira
723 2671 848 2742 iecerat,
864 2678 895 2732 ot
909 2669 1011 2750 captivi
1023 2668 1130 2730 militum

170 2749 309 2829 2praeda
331 2751 463 2822 fuerant,
492 2761 591 2813 tamen
614 2761 644 2814 et
669 2773 706 2816 cx
728 2756 825 2834 pretio
850 2771 952 2814 rerum
972 2752 1128 2813 venditarum
1239 2757 1240 2810 ξ

200 2831 381 2912 aliquantum
399 2836 542 2912 pecuniae
563 2836 715 2898 redactum
736 2853 800 2898 esse
820 2842 953 2906 constat,
984 2843 1009 2896 et
1026 2835 1126 2896 multam

201 2917 361 2996 pretiosam
391 2916 607 2995 supellectilem
621 2926 789 2999 vestemque
805 2921 924 2981 missam
939 2919 1123 2996 Carthaginem.
1226 2953 1240 3010 p

174 3007 191 3058 3
266 2998 374 3062 Octavo
388 3018 505 3072 mense,
521 3019 609 3081 quam
622 3010 759 3081 coeptum
774 3003 953 3082 oppugnari,
971 3008 1067 3080 captum
1080 3001 1122 3061 Sa·
1138 3009 1144 3020 '

202 3089 325 3162 guntum
349 3085 467 3164 quidam
494 3086 654 3164 scripserc;
676 3086 745 3147 inde
771 3086 977 3164 Carthaginem
997 3102 1078 3146 noram
1095 3085 1122 3144 in

201 3166 327 3228 hiberna
347 3167 541 3230 Hannibalem
566 3171 762 3240 concessisse;
786 3172 888 3248 quinto
914 3167 1013 3228 deinde
1032 3184 1119 3236 mense,

203 3268 291 3329 quam
307 3251 343 3311 ab
359 3252 534 3330 Carthagine
553 3253 704 3330 profectus
723 3255 775 3322 sit,
796 3255 825 3311 in
846 3250 959 3312 ltaliam
978 3252 1116 3328 pervenisse.

177 3340 280 3410 aquae
294 3334 465 3405 stiterunt,
480 3336 545 3394 fleri
561 3352 620 3394 ncn
634 3337 745 3414 potuit,
760 3342 794 3394 ut
805 3334 838 3394 P.
849 3332 999 3394 Cornelius
1010 3333 1043 3393 ‘ii
1052 3332 1114 3391 Sem·
