2542 3956
324 209 419 254 uma
434 211 513 254 1111.
530 209 599 253 oar.
615 199 641 251 7.
657 197 683 251 8.
701 187 741 273 [a.
757 192 792 255 0.
808 191 870 274 217]
1013 199 1078 262 267

116 365 270 423 mauonoe
285 373 375 436 vagae
388 374 443 435 per
455 356 531 429 rias,
546 375 620 436 quae
633 374 741 436 rcpcns
751 355 848 418 clades
858 357 953 422 adlata
964 370 1102 440 quaeret

114 442 236 505 fortuna
261 441 408 503 exercitus
433 448 523 511 essct.
551 438 651 501 obvios
674 447 913 519 percunctantur.
956 451 1078 506 etcum

115 525 281 607 frequentis
302 524 448 586 contionis
467 522 556 586 modo
577 522 663 584 turba
684 525 715 584 in
740 523 893 586 comitium
913 533 944 586 et
965 528 1078 588 curiam

116 627 203 671 versa
216 609 405 686 magistratus
419 613 552 678 vocaret,
573 606 693 668 tandem
713 605 792 668 baud
807 607 900 669 multo
919 615 987 669 ente
1007 607 1104 670 solist

113 709 256 754 occasum
271 691 310 752 ll.
326 690 506 770 Pomponius
520 695 640 769 praetor
655 697 807 769 ‚,pngna“
827 691 924 772 inquit
944 709 1080 770 „magna

115 777 187 837 victi
208 781 352 844 sumus;“
370 780 401 836 ct
420 791 596 854 quamquam
620 772 694 834 nibil
712 775 822 835 certius
836 793 874 835 ax
893 792 930 836 eo
947 774 1079 836 auditum

115 865 178 930 est,
196 865 295 920 nmen
312 857 386 918 alius
401 856 438 918 ab
452 855 509 917 olio
523 856 627 937 inpleti
640 856 810 918 rumoribus
824 857 927 918 domos
943 858 1079 920 referunt

115 941 270 1004 consulem
289 958 356 1003 cum
373 957 480 1020 magne
500 948 584 1020 parte
599 942 751 1020 copiarum
766 957 900 1012 caesum,
923 948 1107 1022 superesset

115 1043 228 1106 paucos
242 1031 292 1086 aut
311 1025 379 1103 tuga
396 1024 506 1104 passim
526 1043 581 1103 per
598 1023 746 1086 Etruriam
766 1041 884 1104 sparsos
906 1031 957 1086 aut
977 1032 1077 1104 captos

114 1108 155 1171 ub
170 1109 264 1171 bostc.
293 1115 365 1188 quot
379 1108 624 1184 cesusqexcrcitus
637 1107 857 1182 rictidnerant,
878 1115 923 1170 tot
944 1109 976 1170 in
991 1125 1077 1170 curas
1088 1113 1122 1166 tu

116 1193 264 1272 dispertiti
283 1192 374 1253 animi
401 1209 504 1252 eorum
528 1198 626 1262 crant,
648 1208 775 1270 quorum
796 1193 957 1272 propinqui
977 1191 1032 1253 sub
1047 1191 1079 1254 C.

115 1275 262 1341 Flaminio
277 1273 398 1336 consule
411 1280 599 1345 meruerant,
615 1275 828 1354 ignorantium,
849 1293 925 1354 quae
938 1277 1079 1356 cuiusque

118 1377 241 1421 suorum
263 1358 381 1420 fortuna
396 1365 487 1428 esset;
511 1375 566 1418 nec
583 1359 738 1438 quisquam
760 1358 830 1420 satis
843 1365 958 1420 certum
979 1358 1078 1427 babet,

117 1442 188 1524 quid
210 1449 261 1503 aut
278 1446 379 1522 speret
396 1447 447 1502 aut
467 1442 579 1502 timeat.
619 1448 739 1521 postero
755 1459 790 1502 ac
809 1441 949 1521 deinceps
967 1440 1078 1522 aliquot
1090 1447 1120 1500 11

117 1524 223 1586 diebus
243 1524 279 1586 ad
304 1531 405 1604 portas
430 1524 524 1586 maior
547 1543 642 1605 prope
664 1523 821 1586 mulierum
842 1543 929 1605 quam
949 1525 1080 1586 virorum

117 1607 274 1670 multitudo
298 1609 393 1679 stetit,
414 1616 465 1670 out
485 1625 606 1670 suorum
626 1607 754 1687 aliquem
771 1615 823 1669 out
843 1609 963 1670 nuntios
985 1607 1022 1668 dc
1040 1609 1078 1668 iis

117 1693 291 1774 opperiens:
304 1690 673 1772 circumfundebanturque
684 1691 778 1753 obviis
789 1693 971 1754 sciscitantes
981 1709 1078 1772 neque

117 1775 218 1848 avelli,
240 1777 340 1855 utique
355 1775 391 1836 ab
407 1777 498 1846 notis,
513 1777 685 1856 priusquam
704 1775 807 1836 ordine
823 1777 921 1837 omnia
940 1777 1078 1856 inquisis-

118 1867 198 1930 sent,
216 1865 362 1940 poterent.
390 1859 460 1920 inde
472 1860 567 1920 varios
577 1859 672 1922 vultus
682 1859 910 1936 digredientium
921 1859 957 1921 ab
969 1860 1078 1922 nuntiis
1089 1865 1123 1918 12

121 1960 273 2014 cerneres,
292 1943 443 2022 utcuiquc
457 1941 533 2003 laeta
547 1949 598 2005 eut
616 1944 710 2004 tristia
732 1941 956 2008 nuntiabantur,
979 1949 1079 2020 gratu·

118 2007 264 2107 lentisque
285 2034 336 2088 ant
348 2010 527 2088 consolantifi
545 2024 739 2087 redeuntibus
756 2024 859 2086 domos
875 2023 1079 2113 circumtusus.

117 2109 295 2172 feminarum
320 2111 479 2187 praecipue
493 2115 523 2168 ct
546 2108 651 2186 gandia
672 2108 798 2184 insignia
815 2113 900 2168 crant
918 2113 949 2167 et
968 2105 1079 2170 luctus:

118 2211 209 2253 unam
230 2194 261 2252 in
282 2193 345 2270 ipsa
366 2199 452 2270 porta
471 2191 573 2270 sospiti
592 2189 653 2250 tilio
674 2196 798 2270 repente
812 2189 939 2252 oblatam
960 2191 992 2251 ln
1007 2199 1123 2252 con-13

118 2275 208 2354 plexu
224 2276 287 2335 eius
301 2275 451 2352 expirasse
470 2272 584 2344 terunt,
609 2274 747 2344 alteram,
771 2275 818 2334 cui
832 2291 913 2334 mors
934 2273 987 2334 tilii
1007 2273 1079 2334 talso

119 2358 252 2419 nuntiata
272 2363 350 2428 erat,
371 2363 512 2418 maestam
535 2357 686 2418 sedentem
703 2356 782 2416 domi
803 2357 839 2418 ad
859 2357 989 2435 primum
1010 2374 1080 2417 con-

120 2447 254 2520 spectum
264 2440 414 2501 redeuntis
425 2439 477 2500 tilii
488 2439 593 2518 gaudio
605 2440 696 2502 nimio
709 2440 912 2501 exanimatam.
943 2446 1078 2502 senatum
1089 2447 1123 2500 14

120 2531 273 2606 praetores
292 2541 347 2603 per
370 2523 433 2584 dies
452 2522 563 2605 aliquot
584 2523 621 2586 cb
637 2530 702 2585 orto
723 2539 817 2602 usque
839 2522 876 2584 ad
897 2523 1080 2584 occidentem

120 2606 213 2669 solem
232 2609 265 2668 in
285 2609 367 2670 curia
387 2610 517 2669 retinent
542 2606 756 2678 consultantes,
785 2625 913 2687 quonam
933 2605 1007 2668 duce
1031 2614 1082 2670 aut

121 2689 947 2856 copll'slffilblfflfflqrrseum'fflirsmggrtgoeczigslildzseetssent‚
971 2779 1106 2854 repenst

121 2861 176 2924 alia
205 2860 358 2922 nuntiatur
380 2858 493 2940 clads,
523 2866 661 2939 quattuor
691 2856 771 2919 milia
797 2859 927 2938 equitnm
955 2875 1022 2918 curn
1049 2856 1080 2919 G.

122 2946 263 3008 Centenio
280 2950 474 3024 propraetore
485 2943 573 3005 missa
594 2943 631 3004 ad
646 2941 799 3020 conlegam
821 2941 858 3002 ab
873 2940 996 3004 Servilio
1011 2959 1082 3001 con·

122 3026 185 3090 sule
202 3028 232 3088 in
246 3026 383 3097 Umbrio,
408 3045 466 3107 quo
481 3034 549 3106 post
568 3045 699 3106 pugnam
725 3025 762 3087 ad
779 3025 1015 3096 Trasumennum
1030 3040 1082 3083 au·

123 3110 212 3172 ditem
227 3116 393 3171 averterant
405 3110 476 3180 iter,
493 3109 529 3169 ab
546 3107 709 3170 Hannibale
724 3107 931 3169 circumventa.
958 3107 1021 3166 eius
1036 3106 1108 3167 reit

122 3193 200 3255 lama
217 3193 298 3253 varie
317 3191 454 3253 homines
469 3191 590 3252 adiecit:
606 3209 676 3270 pars
693 3191 842 3269 occupatis
857 3191 968 3249 maiore
986 3189 1081 3266 aegri·

122 3276 225 3340 tudine
241 3274 344 3337 animis
360 3274 455 3336 levem
475 3293 511 3336 ex
528 3274 737 3354 conparatione
756 3274 888 3354 priorum
906 3271 1015 3333 ducere
1034 3289 1081 3333 re·

123 3367 238 3423 centem
248 3359 379 3440 equitum
391 3360 548 3429 iacturam
561 3375 631 3438 pars
643 3374 704 3419 ncn
714 3356 758 3426 id,
770 3355 849 3436 quod
857 3355 1017 3427 acciderat,
1030 3361 1113 3435 pert

123 3463 155 3508 se
177 3445 349 3518 aestimare,
376 3441 443 3516 sed,
473 3443 556 3504 utin
576 3440 692 3503 adiecto
712 3457 838 3522 corpore
860 3440 992 3520 quamvis
1010 3438 1084 3501 levis
