2532 3938
340 211 434 253 61666
449 211 494 254 vu
510 211 579 255 666.
594 202 618 254 2.
636 191 675 276 [a.
693 194 882 280 (1.366-363]
1079 204 1098 265 3

200 358 236 420 11.
259 359 295 419 Et
311 357 369 418 666
383 367 412 418 66
426 360 593 439 insequenti
604 378 682 421 anno
698 361 728 422 G.
745 361 874 441 Sulpicio
884 363 986 426 Petico
1001 365 1032 426 C.
1050 367 1097 426 Li·
1114 375 1126 426 l

137 445 215 504 ciulo
230 442 352 504 Stolone
368 441 537 504 consulibus
551 444 718 524 pestilentia
734 445 797 505 luit.
835 465 870 506 eo
885 447 958 508 nihil
977 448 1097 527 dignum
1113 458 1129 506 2

136 528 279 588 memoria
295 533 408 596 actum,
426 527 481 586 nisi
498 527 576 606 quod
591 531 673 606 pacis
690 528 777 589 deum
793 531 994 609 exposcendae
1011 550 1097 594 causa

135 613 224 671 tertio
246 617 309 671 6666
331 618 404 688 post
425 611 572 671 conditam
598 612 702 676 urbem
727 611 938 694 lectisternium
961 615 1024 676 tuit.
1070 624 1128 678 663

135 713 203 755 cum
223 695 265 754 ris
286 693 384 755 morbi
399 712 455 754 nec
468 695 605 755 humanis
625 679 755 758 consiliis
768 715 823 758 uec
838 716 894 778 666
909 698 1095 762 6161661666-

135 786 228 850 66666,
240 778 323 838 616616
337 779 544 856 superstitione
555 779 732 840 6616661661
743 800 859 861 quoque
874 785 1009 853 scaenici,
1022 801 1096 844 6666

135 879 184 921 res
203 861 343 923 bellicoso
357 862 466 941 populo
482 895 520 908 --
539 881 607 923 uam
624 865 695 924 circi
712 863 799 924 modo
816 865 1014 944 spectaculum
1032 867 1094 928 iue-

136 953 182 1006 rat
196 979 250 1017 -,
273 945 422 1006 interulis
441 945 575 1006 caelestis
595 949 655 1008 irae
670 947 833 1026 placamina
855 951 978 1010 instituti
993 950 1095 1012 dicun·

92 1047 96 1052 ·
134 1037 192 1091 tur.
226 1038 357 1092 ceterum
372 1049 462 1110 parra
478 1049 608 1111 quoque,
624 1041 656 1092 66
673 1032 767 1092 ierme
781 1033 926 1112 principia
943 1036 1049 1105 omnia,
1067 1044 1096 1096 et
1110 1046 1127 1094 6

135 1133 168 1174 66
183 1116 246 1193 1666
260 1116 418 1194 peregrine
433 1133 482 1174 ros
494 1114 557 1176 luit.
587 1117 651 1175 sinc
667 1117 797 1176 carmine
813 1116 882 1189 ullo,
897 1120 961 1178 sine
978 1120 1094 1180 imitan-

135 1198 238 1258 dorum
255 1200 418 1259 carminum
433 1201 500 1258 6666
515 1199 649 1260 16616666
669 1219 704 1260 ex
714 1199 832 1262 Etruria
847 1203 932 1262 acciti
949 1202 985 1262 ad
1000 1202 1094 1264 tibici-

134 1283 180 1342 nis
192 1283 295 1342 modos
309 1281 449 1344 saltantes
463 1282 540 1342 haud
555 1284 711 1344 indecoros
725 1293 823 1344 motus
838 1303 921 1344 more
935 1286 1031 1346 Tusro
1045 1287 1094 1347 da·

133 1363 214 1426 bant
251 1360 365 1426 imitari
380 1366 485 1426 deinde
508 1385 559 1427 666
573 1368 716 1446 iuuentus,
735 1367 821 1428 simul
842 1368 1000 1429 inconditis
1018 1372 1126 1430 166666

134 1467 165 1509 66
180 1448 320 1508 iocularis
332 1449 487 1510 fundentes
500 1433 639 1520 66661666,
653 1468 793 1528 6666666;
810 1469 866 1512 666
882 1451 983 1512 666661
995 1470 1010 1513 6
1022 1472 1094 1514 6666

134 1539 231 1591 motus
243 1539 336 1592 66666.
365 1541 484 1611 accepta
499 1536 596 1613 itaque
613 1552 662 1594 res
676 1537 850 1637 saepiusque
861 1537 1031 1615 usurpando
1044 1556 1092 1598 ex·
1108 1547 1124 1598 6

135 1616 230 1675 citata.
255 1616 418 1676 vernaculis
433 1618 601 1688 artificibus,
620 1621 686 1698 quia
690 1601 774 1678 ister
785 1619 880 1680 'lusco
896 1619 985 1680 66666
997 1619 1094 1682 ludius

133 1699 300 1770 vocabatur,
310 1717 419 1760 nornen
431 1701 622 1762 histrionibus
634 1702 767 1774 inditum,
780 1705 830 1782 qui
842 1722 910 1774 uon,
924 1706 999 1764 sicut
1014 1712 1092 1777 aute,
1107 1717 1122 1764 1

132 1784 316 1845 Fescennino
328 1803 415 1844 66666
430 1785 553 1846 similem
568 1788 795 1866 incompositum
809 1795 922 1848 temere
939 1807 972 1849 66
987 1789 1091 1849 rudem

133 1867 253 1927 alteruis
265 1867 418 1937 iaciebant,
431 1868 482 1928 sed
494 1868 619 1948 inpletas
633 1869 729 1930 modis
741 1878 854 1932 saturas
870 1871 1019 1950 descripto
1033 1875 1090 1932 iam

132 1951 169 2012 ad
181 1950 331 2011 tibicinem
338 1961 432 2013 cantu
446 1961 586 2052 moleque
600 1957 775 2031 congruenti
784 1955 973 2054 peragebant.
994 1956 1092 2017 Livius
1107 1965 1123 2016 8
1234 2003 1237 2008 .

131 2043 198 2112 post
218 2035 328 2114 aliquot
345 2053 451 2104 annos,
469 2039 519 2115 qui
535 2037 571 2097 ab
587 2039 695 2098 saturis
710 2057 797 2098 ausus
815 2045 858 2098 est
875 2041 988 2118 primus
1004 2057 1091 2116 argu·

131 2127 231 2180 mento
246 2119 373 2180 labulam
391 2138 505 2191 serere,
522 2121 600 2182 idern
618 2122 741 2193 scilicet,
747 2117 791 2181 id
813 2122 891 2200 quod
908 2138 1011 2184 omnes
1029 2131 1090 2184 tum

131 2210 223 2273 66666,
240 2221 360 2264 suorum
377 2206 539 2264 carminum
555 2214 645 2275 66666,
663 2205 778 2275 dicitur,
792 2223 858 2265 curu
874 2208 990 2284 saepius
1005 2217 1123 2268 reve-9

131 2291 212 2347 catus
226 2305 328 2348 vocem
346 2287 516 2358 obtudisset,
527 2290 612 2348 venia
627 2291 716 2367 petita
732 2305 856 2367 puerum
873 2288 908 2348 ad
926 2289 1090 2351 canendum

131 2376 198 2430 6666
218 2371 368 2432 tibicinem
389 2390 456 2432 cum
479 2373 639 2442 statuisset,
663 2373 808 2432 canticum
830 2375 924 2450 egisse
942 2372 1108 2452 aliquanto·

133 2456 223 2532 magis
239 2458 355 2534 rigente
366 2463 456 2526 motu,
473 2457 538 2535 quia
554 2455 626 2515 nihil
642 2457 720 2516 vocis
737 2474 806 2516 usus
822 2455 997 2536 inpediebat.
1020 2456 1089 2517 iude
1099 2467 1132 2518 10

131 2538 166 2599 ad
181 2556 301 2600 manum
317 2542 428 2600 cantari
448 2539 641 2602 histrionibus
661 2548 797 2619 coeptum
819 2539 1005 2620 diverbiaque
1024 2548 1088 2600 ton·

131 2629 191 2683 turn
205 2624 336 2700 ipserum
351 2624 413 2684 roci
435 2623 547 2685 relicta.
587 2633 741 2705 postquam
762 2623 826 2702 lege
847 2625 902 2684 hae
923 2623 1128 2689 166616666611

129 2705 166 2766 ab
184 2707 245 2767 6166
266 2725 301 2767 66
323 2707 418 2769 661666
438 2709 503 2768 1666
522 2726 572 2769 666
591 2707 767 2768 6666666666
788 2715 817 2767 66
843 2707 928 2768 16666
949 2709 1087 2768 inertem

129 2789 268 2869 paulatim
280 2799 416 2862 verterat,
429 2794 563 2852 iuventus
575 2790 766 2853 histrionibus
777 2790 950 2852 fabellarum
964 2800 1029 2853 actu
1042 2810 1087 2852 re·

129 2872 226 2934 licto
218 2891 281 2951 rpsa
298 2877 375 2936 inter
396 2894 427 2936 se
448 2894 531 2936 more
547 2877 666 2955 antiquo
687 2873 808 2936 ridicula
829 2879 939 2938 intona
955 2875 1087 2938 versibus
1143 2903 1149 2916 -

128 2957 261 3018 iactitare
278 2962 382 3058 666616,
399 2978 510 3040 quae
490 2959 593 3020 exodia
611 2968 713 3039 postea
731 2959 874 3039 appellata
890 2967 1084 3038 consertaque
1178 3017 1186 3032 ,

128 3038 243 3100 16661116
262 3044 445 3118 potissimum
461 3033 601 3106 Atellanis
620 3053 698 3104 suut.
735 3043 812 3123 quod
836 3061 927 3120 genus
948 3043 1084 3104 ludorum
1096 3043 1128 3094 1²

129 3121 166 3185 ab
180 3121 262 3184 Oscis
275 3135 426 3205 acceptum
440 3129 535 3188 666616
545 3130 688 3198 16666666,
703 3145 759 3188 666
770 3126 807 3188 ab
821 3127 1011 3186 histrionibus
1022 3124 1084 3203 pol·

127 3207 169 3268 161
183 3226 268 3287 66666
286 3215 344 3269 est:
361 3229 396 3271 eo
411 3213 575 3272 institutum
591 3219 699 3281 manet,
716 3219 748 3272 ut
760 3219 875 3270 actores
886 3209 1084 3270 Atellanarum

127 3309 183 3352 nec
198 3291 276 3352 tribu
296 3303 468 3355 moueantur
484 3302 512 3355 e
527 3294 680 3372 stipendia,
697 3301 845 3372 tamquam
860 3300 994 3371 expertes
1013 3294 1083 3352 artis
1189 3301 1195 3308 ’

126 3375 265 3448 ludicrae,
285 3378 402 3442 iaciant.
430 3380 508 3438 inter
524 3376 646 3437 aliarum
661 3395 749 3454 parva
764 3378 907 3456 principia
922 3395 1021 3438 rerum
1038 3376 1126 3438 lu-13

34 3464 37 3468 '
127 3457 230 3520 dorum
248 3479 365 3542 quoque
379 3463 473 3541 prima
486 3463 568 3540 origo
579 3461 714 3539 ponenda
730 3462 789 3522 6166
805 3470 856 3531 666,
873 3467 905 3521 66
919 3469 1082 3542 appareret.

837 3546 878 3613 1*
