2542 3956
207 170 272 238 298
381 191 475 233 muts
488 189 566 232 1111.
583 187 651 230 cer.
667 175 711 228 40.
727 176 770 228 ll.
787 164 830 246 [e.
844 189 876 228 u.
891 190 919 228 c.
932 165 997 248 538]

208 340 368 423 quentibus
392 335 572 418 primoribus
597 342 729 415 pamm:
760 333 912 413 plebeium
936 336 1090 398 consulem
1124 355 1186 398 sua

209 424 313 506 plebes
331 429 501 504 prosecuta,
523 419 609 482 turba
629 421 829 497 conspectior,
850 437 920 481 cum
939 421 1099 499 dignitates
1125 421 1184 480 de·

211 517 319 572 meent.

169 611 188 660 s
273 593 312 655 Ut
326 593 356 656 in
372 599 465 652 eastra
480 596 638 659 venerunt,
659 591 806 668 permixto
824 606 901 649 noro
922 588 1055 650 exercitu
1071 607 1110 650 ac
1128 607 1182 646 ve·

210 684 274 738 tere
289 677 395 736 castris
406 674 541 735 bifariam
558 674 650 742 laetis,
665 680 699 734 ut
712 692 786 734 nora
803 673 918 734 minora
935 679 1033 733 essent
1046 673 1181 751 propius

211 759 414 827 Hannibalem,
427 759 457 818 in
468 756 618 818 veteribus
627 757 722 817 maior
731 775 802 836 pars
812 762 843 816 et
856 774 945 817 omne
957 756 1051 816 robur
1062 758 1180 816 virium

167 863 189 916 n
212 851 305 913 esset,
322 841 476 904 consulum
491 842 561 900 anni
575 841 682 918 prioris
695 840 733 902 bl.
749 839 870 901 Atilium
884 847 1011 900 aetatem
1025 857 1178 903 excusan-

210 937 271 988 tem
286 926 410 987 Romam
424 927 583 991 miserunt,
604 923 760 984 Geminum
776 923 932 984 Servilium
950 925 983 984 in
1002 922 1178 987 minoribus

212 1012 317 1071 eastris
337 1008 445 1084 legioni
465 1007 613 1066 Romanae
640 1015 670 1066 et
690 1009 801 1068 socium
821 1007 953 1085 peditum
979 1009 1176 1086 equitumque

169 1114 187 1161 7
212 1092 326 1154 duobus
340 1089 461 1151 milibus
471 1091 654 1168 praeficiunt.
680 1088 825 1152 Hannibal
835 1109 1011 1170 quamquam
1025 1098 1115 1170 parte
1131 1090 1175 1150 di·

212 1176 301 1236 midia
317 1183 417 1236 auctas
428 1173 557 1234 bostium
572 1175 671 1252 copias
682 1173 831 1242 cernebat,
847 1183 944 1234 tamen
960 1174 1089 1235 adventu
1100 1193 1175 1236 con·

168 1278 190 1329 ε
211 1260 308 1320 sulum
329 1260 404 1318 mire
423 1257 561 1335 gaudere.
592 1274 652 1317 non
671 1257 766 1319 solum
788 1260 866 1318 enim
887 1257 958 1318 nihil
979 1276 1016 1320 ex
1030 1260 1130 1337 raptis
1143 1261 1174 1320 in

212 1344 291 1404 diem
305 1342 517 1403 commeatibus
526 1339 693 1420 superabat.
710 1341 762 1401 sed
777 1360 815 1401 ne
830 1341 908 1402 uude
918 1347 1038 1420 raperet
1049 1342 1173 1421 quidem

213 1429 368 1507 quiequam
382 1424 489 1505 reliqui
505 1435 568 1484 erat
583 1425 664 1484 omni
682 1425 814 1502 undique
829 1425 992 1496 frumento,
1011 1432 1173 1504 postquam

168 1529 190 1580 q
214 1529 284 1590 ager
297 1528 401 1590 parum
418 1517 497 1570 tutus
512 1513 589 1576 erat,
610 1509 640 1567 in
656 1507 746 1570 urbes
761 1510 887 1570 munitas
902 1516 1058 1578 convecto,
1075 1517 1110 1570 ut
1126 1512 1172 1570 rix

213 1595 316 1656 decem
336 1594 465 1659 dierum,
492 1592 571 1668 quod
592 1597 767 1670 conpertum
786 1600 888 1672 postea
909 1603 966 1661 est,
987 1593 1171 1656 trumentum

213 1684 394 1757 superesset,
415 1675 670 1754 Hispanorumque
692 1675 730 1736 ob
754 1677 885 1754 inopiam
903 1677 1041 1736 transitio
1068 1684 1170 1756 parata

213 1761 314 1829 luerit,
329 1761 354 1818 si
369 1760 520 1819 maturitas
536 1766 703 1836 temporum
718 1768 869 1838 expectata
883 1760 969 1820 toret
1037 1759 1038 1762 ’

173 1861 188 1910 ι
275 1841 346 1903 xit.
378 1841 516 1902 Ceterum
530 1842 689 1902 temeritati
708 1843 835 1911 consulis
855 1861 889 1902 ac
908 1861 1109 1922 praepropero
1124 1844 1169 1902 111-

213 1928 300 2005 genio
315 1927 468 1987 materiam
484 1926 572 1987 etiam
588 1924 704 1987 lortuna
721 1926 816 1996 dedit,
836 1926 914 2010 quod
929 1929 960 1988 in
975 1925 1169 2005 prohibendis

214 2010 437 2090 praedatoribus
451 2009 642 2070 tumultuario
657 2009 772 2089 proelio
786 2028 820 2070 ac
834 2028 978 2089 procursu
1000 2011 1094 2088 magis
1112 2011 1168 2070 mi·

214 2095 296 2154 litum
322 2113 407 2173 11111111
432 2112 468 2154 ex
492 2100 667 2172 praeparato
692 2102 742 2154 aut
762 2095 842 2154 iussu
866 2096 1077 2174 imperatorum
1104 2101 1168 2154 orto
1250 2159 1251 2166 χ

169 2198 190 2244 a
213 2174 441 2256 haudquaquam
452 2195 506 2255 par
521 2177 628 2238 Poenis
643 2177 792 2239 dimicatio
811 2179 873 2238 luit.
904 2178 940 2238 ad
961 2177 1041 2239 mille
1056 2185 1087 2238 et
1101 2196 1167 2257 sep·
1250 2231 1251 2260 3

214 2263 338 2340 tingenti
351 2262 428 2322 eaesi
443 2279 503 2322 non
524 2259 592 2339 plus
613 2268 730 2322 centum
745 2261 946 2322 Romanorum
959 2263 1167 2338 sociorumque
1250 2277 1251 2284 ¹

214 2347 327 2406 occisis.
357 2353 489 2405 ceterum
504 2343 665 2406 victoribus
680 2346 771 2406 eliuse
788 2345 979 2425 sequentibus
999 2352 1081 2406 metu
1095 2347 1166 2405 insi·
1250 2365 1251 2408 3

170 2445 190 2496 3
213 2427 326 2489 diarum
339 2427 451 2489 obstitit
463 2429 570 2489 Paulus
581 2428 693 2497 consul,
710 2431 793 2490 cuius
809 2448 844 2490 eo
856 2430 903 2490 die
914 2463 955 2476 -
966 2447 1034 2490 nam
1047 2427 1166 2490 alternis
1250 2469 1251 2502 3

212 2511 419 2591 imperitabant
431 2513 638 2590 -imperium
654 2520 725 2583 erat,
741 2511 872 2574 Varrone
886 2511 1059 2591 indignante
1070 2531 1104 2572 ac
1115 2531 1164 2573 vo·
1250 2531 1251 2554 ³

213 2597 352 2658 ciierante
367 2597 508 2657 emissum
523 2595 640 2658 hostem
656 2615 671 2656 e
686 2597 821 2659 manibus
832 2596 1041 2673 debellarique,
1058 2598 1165 2657 uices·

170 2699 189 2745 4
213 2687 307 2740 satum
323 2682 414 2747 foret,
436 2681 576 2758 potuisse.
606 2679 750 2741 Hannibal
772 2681 802 2740 id
818 2680 956 2743 damnum
970 2680 1049 2741 haud
1064 2698 1163 2758 aeger·
1250 2705 1251 2712 ¹

213 2763 287 2822 rime
296 2765 370 2840 pati;
387 2765 456 2842 quin
469 2766 565 2840 potius
577 2764 699 2824 eredere
710 2765 790 2826 velut
800 2767 961 2826 inescatum
972 2765 1162 2824 temeritatem

169 2862 189 2912 b
214 2843 368 2905 ferocioris
389 2845 518 2904 consulis
539 2864 573 2906 ac
587 2865 730 2908 novorum
750 2851 875 2910 maxime
893 2848 1017 2908 militum
1033 2865 1107 2908 esse.
1136 2855 1163 2906 et
1250 2911 1251 2914 ,

214 2929 310 2990 omnia
331 2928 358 2987 ei
377 2925 505 2987 bostium
525 2927 603 2988 haud
624 2947 710 2991 secus
733 2949 820 3010 quam
835 2951 887 2994 sua
902 2940 970 2992 nota
986 2938 1084 2992 eram:
1105 2929 1160 2990 dis·
1250 2947 1251 2982 1

213 3012 324 3074 similes
333 3009 542 3090 discordesque
551 3012 732 3091 imperitare,
744 3015 815 3076 duas
827 3034 920 3095 prope
931 3022 1029 3092 partes
1036 3017 1161 3074 tironum
1250 3034 1251 3042 ¹

171 3114 191 3166 e
213 3095 338 3158 militurn
353 3096 384 3156 in
400 3097 531 3156 exercitu
546 3115 623 3180 esse.
653 3099 753 3178 itaque
767 3098 864 3160 locum
880 3106 911 3159 et
926 3105 1041 3176 tempus
1054 3097 1161 3158 insidiis

215 3188 316 3259 aptum
331 3198 363 3241 se
378 3178 487 3242 babere
502 3186 597 3250 ratus,
618 3191 704 3243 nocte
718 3185 854 3261 proxima
864 3182 938 3243 -nihil
954 3189 1072 3262 praeter
1087 3199 1161 3242 arma
1243 3203 1245 3250 j

213 3263 328 3326 terente
342 3280 441 3325 secum
457 3262 550 3324 milite
565 3273 660 3326 eastra
674 3266 761 3344 plena
776 3267 871 3326 omnis
884 3267 1020 3328 fortunae
1034 3262 1161 3349 publicae
1242 3317 1244 3330 t

173 3367 188 3414 t
213 3351 399 3426 privataeque
415 3345 720 3428 relinquittransque
733 3352 884 3428 proximos
899 3351 1006 3410 montis
1021 3347 1099 3408 laeva
1114 3366 1162 3428 pe·
1242 3414 1243 3426 q

213 3429 288 3490 dites
307 3433 468 3490 instructos
489 3432 604 3508 condit,
626 3432 728 3494 dextra
744 3436 869 3512 equites,
890 3433 1098 3511 impedimenta
1111 3449 1161 3512 pet
