2538 3946
304 225 398 268 nmnn
411 225 488 268 uu.
507 225 576 268 1111.
594 213 618 266 1.
635 215 661 267 2.
678 203 717 288 [e.
736 207 770 270 O.
786 207 849 288 217]
972 175 976 188 .
998 214 1059 276 261

8 376 14 412 l
92 391 215 456 quaque
228 375 355 454 patuerit
364 375 470 452 iugens
484 372 584 434 lumen
601 373 762 444 effulsisse,
778 381 873 435 sortes
887 393 938 437 sua
953 383 1059 456 sponte

93 458 278 528 adtenuatas,
297 475 444 537 unamque
460 457 602 518 excidisse
614 459 655 517 ita
669 459 808 537 scriptam
822 459 957 528 „Mavors
968 459 1059 520 telum

92 561 185 604 suum
200 543 331 602 concutit
338 549 364 612 “,
381 549 411 601 et
420 559 474 621 per
487 540 566 602 idem
581 549 697 621 tempus
707 542 818 602 Romae
829 543 946 620 siguum
958 544 1059 604 lllartis
1069 551 1102 602 la

91 627 251 705 Appiaria
269 644 303 687 ac
325 623 480 686 simulacra
501 624 637 704 luporum
653 624 785 696 sudasse,
807 633 836 686 11
856 626 972 704 Capuae
991 645 1058 706 spe·

93 712 175 771 ciem
191 709 264 770 caeli
278 708 407 770 ardentis
425 710 515 770 luisse
526 708 671 788 lunaeque
686 711 764 770 inter
774 709 900 770 imbrem
916 710 1057 770 cadentis.

91 795 169 853 inde
187 791 351 854 minoribus
365 793 452 853 etiam
467 792 546 853 dictu
560 792 703 872 prodigiis
723 793 796 854 lldes
818 793 931 854 habita:
954 809 1057 874 capras
1068 801 1102 856 ta

91 877 212 937 lanatas
228 875 401 957 quibusdam
414 876 503 938 lactas
521 883 550 936 et
565 875 702 954 gallinam
714 879 743 937 iu
759 895 886 946 merem,
904 877 1012 956 gallum
1027 879 1057 938 iu
1101 902 1104 907 ·

94 961 241 1022 iemiuam
257 977 321 1021 sese
334 962 463 1022 vertisse.
491 960 544 1030 his,
563 962 638 1020 sicut
653 969 737 1021 eraut
751 963 899 1032 nuntiata,
916 963 1056 1040 expositis
1068 969 1100 1020 14

94 1044 325 1124 auctoribusque
340 1046 371 1104 lu
394 1045 505 1106 curiam
532 1044 708 1104 introductis
734 1043 836 1105 consul
857 1045 893 1105 de
914 1045 1058 1124 religione

93 1135 198 1209 patres
215 1128 369 1190 consuluit.
400 1127 565 1197 decretum,
589 1134 622 1188 ut
636 1145 670 1186 ea
690 1128 823 1208 prodigia
844 1130 951 1208 partim
966 1130 1057 1189 malo·
1068 1134 1100 1186 15

92 1209 180 1273 ribus
191 1213 302 1282 hostiis,
318 1213 426 1292 partlm
441 1209 617 1272 lactentibus
631 1219 878 1290 procurarentur,
896 1214 977 1274 etuti
988 1230 1057 1292 sup·

92 1294 216 1376 plicatio
228 1313 282 1376 per
293 1295 422 1360 triduum
435 1294 575 1356 adomnia
586 1294 747 1374 pulvinaria
759 1294 934 1365 haberetur:
947 1303 1054 1366 cetera,
1068 1302 1100 1354 11

96 1397 168 1440 curu
183 1378 342 1440 decemviri
356 1376 448 1439 libros
462 1380 671 1457 inspexissent,
687 1385 720 1440 ut
729 1382 770 1440 111
783 1378 903 1450 llereut,
921 1379 1057 1458 quemad

94 1461 219 1524 modum
229 1462 312 1524 cordi
319 1481 383 1524 esse
391 1463 515 1523 divisuis
522 1463 700 1525 carminibus
705 1463 920 1542 praefarentur.
937 1463 1054 1523 decem·
1067 1470 1098 1520 17

94 1549 229 1608 virorum
241 1547 354 1608 monitu
367 1547 517 1608 decretum
530 1554 588 1618 est,
605 1546 666 1607 lovi
679 1549 808 1626 primum
821 1547 931 1608 donum
946 1545 1058 1607 tulmen

94 1647 221 1693 aureum
240 1629 340 1709 pondo
363 1631 572 1710 quinquaginta
600 1632 701 1703 iteret,
728 1631 833 1692 lunoni
852 1630 1059 1708 Minervaeque

95 1733 134 1774 ex
151 1722 273 1792 argento
291 1715 366 1776 doua
383 1714 539 1784 darentur,
561 1721 590 1775 11
609 1715 715 1776 lunoni
734 1716 855 1792 reginae
869 1717 900 1774 in
914 1715 1058 1776 Aventino

94 1797 260 1878 Iunonique
272 1797 404 1878 Sospitae
412 1798 531 1860 Lanuvii
546 1798 707 1859 maioribus
718 1799 820 1858 hostiis
831 1799 1056 1868 sacrificaretur,

94 1890 308 1961 matronaeque
328 1882 453 1961 pecunia
475 1880 604 1952 conlata,
627 1888 768 1960 quantum
793 1882 930 1942 conlerre
952 1881 1100 1960 culquelss

95 1964 285 2026 commodum
309 1972 400 2036 esset,
425 1965 534 2026 donum
558 1965 664 2026 lunoni
684 1965 805 2042 reginae
825 1967 857 2024 iu
884 1965 1058 2024 Aventinum

95 2050 225 2119 terrent,
242 2049 514 2128 lectisterniumque
532 2049 631 2118 tieret,
654 2055 683 2108 et
699 2052 732 2107 ut
746 2046 901 2109 libertinae
921 2053 950 2106 et
966 2049 1056 2125 ipsae,

93 2132 175 2194 uude
190 2133 334 2192 Feroniae
350 2131 460 2193 donum
476 2132 611 2201 daretur,
629 2131 784 2210 pecuniam
801 2147 855 2209 pro
870 2127 1058 2191 facultatibus

93 2217 157 2277 suis
172 2216 352 2276 conferrent.
382 2215 456 2275 haec
466 2213 517 2274 ubi
531 2214 622 2284 lacta,
638 2213 797 2274 decemviri
814 2214 927 2275 Ardeae
944 2213 1100 2275 11111111

94 2293 258 2360 maioribus
279 2298 384 2357 hostiis
408 2297 618 2359 sacrificarunt.
655 2304 804 2378 postremo
819 2296 976 2359 Decembri
996 2298 1056 2356 iam

94 2399 199 2443 rueuse
213 2381 249 2441 ad
266 2381 369 2442 aedem
381 2381 500 2442 Saturni
510 2381 621 2442 Romae
635 2380 818 2442 immolatum
832 2387 893 2451 est,
911 2379 1056 2442 lectister-

94 2467 237 2544 niumque
254 2466 431 2544 imperatum
452 2497 494 2510 -
520 2471 632 2526 etcum
655 2464 764 2526 lectum
779 2471 932 2526 senatores
946 2471 1057 2525 strave-

95 2555 167 2610 runt
182 2581 224 2593 —
239 2556 268 2610 et
284 2549 446 2610 convivium
462 2547 629 2629 publicum,
652 2567 686 2612 11
700 2567 755 2629 per
768 2548 873 2610 urbem
891 2546 1100 2610 Saturnalium

96 2633 175 2693 diem
198 2651 231 2692 11
252 2639 369 2694 noctem
389 2632 525 2700 clamata,
547 2633 733 2714 populusque
761 2651 827 2694 euru
849 2632 927 2694 diem
948 2631 1055 2694 testum

95 2715 207 2778 habere
222 2735 256 2779 11
271 2734 389 2778 serrare
404 2719 436 2777 iu
453 2724 629 2797 perpetuum
642 2719 746 2778 iussus.
836 2789 845 2806 s

159 2801 194 2862 ll.
234 2802 310 2862 llum
340 2799 442 2862 consul
471 2800 621 2881 placandis
648 2802 759 2862 Romae
784 2800 829 2862 dis
859 2799 1080 2880 habendoque!

96 2883 205 2946 dilectu
222 2886 271 2947 dat
286 2903 423 2966 operam,
439 2884 585 2947 llanuibal
598 2884 749 2964 proiectus
765 2903 801 2947 ex
815 2885 963 2955 hibernis,
985 2885 1053 2963 quia

95 2970 155 3028 1111
171 2967 347 3031 Flaminium
364 2969 514 3030 consulem
530 2967 678 3030 Arretium
698 2971 867 3050 pervenisse
889 2968 966 3029 tama
981 2975 1053 3035 erat,

97 3067 164 3112 curu
180 3047 259 3111 aliud
274 3052 404 3130 lougius,
425 3060 557 3115 ceterum
571 3053 754 3114 commodlus
768 3052 1083 3117 ostendereturitera

96 3135 266 3215 propiorem
284 3136 357 3206 riam
363 3153 427 3226 per
443 3135 580 3215 paludem
596 3139 683 3215 petit,
700 3153 757 3214 qua
771 3136 875 3196 llurius
889 3135 986 3194 Arnus
1000 3149 1054 3211 per

98 3236 149 3279 eos
169 3213 338 3278 dieslsoltto
363 3219 456 3296 magis
474 3216 675 3278 inundaverat.
705 3219 850 3297 llispanos
870 3224 900 3276 et
912 3215 999 3276 Airos
1016 3222 1083 3274 -a

97 3302 127 3362 id
148 3319 236 3362 omne
257 3303 389 3362 veterani
410 3308 473 3362 erat
496 3299 588 3362 robur
611 3303 756 3362 exercitus
769 3333 812 3346 -
826 3299 963 3361 admixtis
973 3300 1052 3378 ipso·

98 3403 162 3446 rum
180 3385 402 3466 inpedimentis,
419 3379 526 3469 11111111
542 3385 702 3447 consistere
713 3384 1000 3446 coactisnecessaria
1014 3381 1051 3442 ad

97 3486 167 3531 usus
183 3470 318 3542 deoscut,
334 3471 446 3553 primos
462 3470 507 3530 ire
523 3469 618 3542 iussit,
637 3471 721 3551 sequi
735 3468 848 3540 Gallos,
868 3474 901 3530 ut
914 3465 944 3528 id
959 3467 1050 3548 agmi-
