2542 3956
293 198 389 242 nisan
401 199 479 242 xxu.
495 199 563 242 oar.
578 186 622 240 41.
638 188 682 242 42.
699 180 743 260 [a.
759 181 794 244 O.
809 179 872 262 tto]
947 256 950 260 ι
1001 180 1067 245 tna

104 347 272 412 convallem
291 347 423 410 medium
442 363 548 424 agmen
568 346 710 418 traducit,
740 355 773 409 ut
793 348 966 428 diripiendis
986 351 1064 412 velut
1087 367 1108 418 s

104 434 236 494 desertis
250 435 318 510 luga
333 431 520 493 dominorum
536 434 639 492 castris
654 441 826 511 occupatum
842 435 1064 515 inpeditumqne

103 517 226 578 hostem
241 515 431 595 opprimeret.
456 514 553 576 crebri
567 513 663 576 relicti
677 517 706 576 iu
719 519 823 578 eastris
834 519 929 594 ignes,
947 527 979 578 ut
992 520 1064 580 tides
1086 532 1104 583 9

103 603 208 671 lieret,
231 598 299 660 dum
319 601 384 677 ipse
403 599 520 675 lougius
539 601 664 677 spatium
684 601 754 678 luga
772 603 970 680 praeciperet,
993 603 1064 663 lalsa

102 686 238 762 imagine
253 689 433 752 castrorum,
454 685 530 743 sieut
547 682 670 744 Fabium
689 687 789 762 priore
809 703 886 745 anuo
907 687 1065 746 frustratus

103 775 196 838 esset,
213 774 315 827 tenere
330 767 360 826 in
375 765 447 826 loeis
462 765 597 828 consules
611 766 744 829 voluisse.
776 765 861 830 XLll.
878 768 935 831 Ubi
949 769 1062 840 inluxit,
1088 783 1102 835 1

103 850 271 913 subductae
284 851 381 929 primo
396 852 551 922 stationes,
573 850 680 912 deiude
692 853 814 931 propius
829 851 1003 914 adeuntibus
1017 855 1063 914 in·
1156 879 1158 884 ·

103 934 227 996 solitum
242 933 391 995 silentium
408 933 632 996 admirationem
646 937 725 996 lecit.
756 937 814 996 iam
834 939 905 998 satis
922 946 1062 1015 conperta
1087 953 1104 1002 2

104 1017 266 1080 solitudine
286 1019 316 1078 iu
337 1019 442 1079 eastris
463 1037 623 1084 concurses
642 1020 674 1080 lit
695 1019 730 1078 ad
746 1021 892 1098 praetoria
911 1019 1062 1082 consulum

104 1104 304 1162 nuntiantium
317 1103 415 1179 lugam
427 1101 554 1162 hostium
567 1101 642 1162 adeo
654 1103 806 1182 trepidam,
822 1111 855 1163 ut
864 1102 1063 1165 tabernaculis

103 1186 251 1248 stantibus
267 1193 362 1246 eastra
377 1183 566 1263 reliquerint,
588 1204 705 1264 quoque
721 1187 788 1262 luga
804 1186 958 1250 obscurior
974 1196 1062 1262 esset,

103 1268 230 1331 crebros
246 1270 333 1329 etiam
348 1267 468 1328 relictos
481 1269 568 1344 ignis.
598 1268 710 1329 elamor
724 1269 793 1330 iude
809 1277 905 1339 ortus,
927 1279 960 1331 ut
980 1273 1062 1348 signa
1086 1286 1103 1337 3

104 1354 236 1432 preferri
256 1350 393 1412 iuberent
412 1351 613 1429 ducerentque
628 1351 663 1412 ad
678 1353 899 1431 persequendos
919 1352 1014 1415 hostis
1028 1373 1062 1414 ac

104 1439 242 1516 protinus
257 1442 351 1496 eastra
367 1434 539 1514 diripienda.
567 1443 597 1496 et
611 1436 713 1496 consul
728 1435 803 1496 alter
814 1436 894 1498 velut
907 1455 984 1497 uuus
998 1445 1061 1499 tur·
1086 1456 1119 1502 a·

105 1521 162 1581 bae
175 1519 311 1590 militaris
327 1525 403 1586 erat;
414 1519 529 1580 Paulus
544 1521 631 1584 etiam
646 1527 734 1600 atque
750 1521 835 1581 etlam
852 1520 950 1581 dicere
965 1522 1063 1600 prori-

104 1604 234 1665 dcndum
248 1603 541 1682 praecavendumque
554 1621 633 1672 esser
649 1612 810 1682 postremo,
827 1622 894 1664 cum
907 1604 995 1666 aliter
1010 1622 1061 1664 ne-

104 1707 163 1766 que
179 1687 353 1750 seditionem
373 1703 471 1764 neque
490 1687 593 1748 ducem
612 1687 766 1748 seditionis
786 1690 932 1750 sustinere
951 1694 1062 1767 posset,

103 1773 229 1834 Marium
246 1771 396 1832 Statilium
409 1770 590 1849 praelectum
602 1789 669 1832 cum
686 1779 782 1833 turma
794 1771 911 1832 Lucana
927 1771 1061 1854 explora·

105 1865 167 1916 tum
187 1856 284 1916 mittit.
322 1857 372 1935 qui
390 1852 441 1915 ubi
462 1855 640 1934 adequitavit
658 1857 769 1934 portls,
798 1855 959 1916 subsistere
979 1863 1061 1916 entra
1083 1871 1101 1921 5

104 1941 284 2004 maurimonte
300 1939 406 2000 ceteris
416 1939 504 1998 iussis
514 1940 578 2018 ipse
590 1956 656 1998 cum
667 1938 783 2000 duobus
798 1938 945 2018 equitibus
954 1939 1060 1999 vallum

104 2025 235 2093 intravit,
257 2022 482 2102 speculatusque
497 2024 594 2084 omnia
608 2041 677 2082 eum
692 2040 762 2082 cura
777 2025 927 2082 renuntiat
940 2021 1061 2082 iusidias

104 2109 237 2168 orolecto
252 2124 332 2167 esse:
355 2109 441 2182 ignes
460 2108 492 2166 in
511 2113 595 2184 parte
611 2113 789 2173 castrorum,
812 2124 887 2184 quae
908 2112 1010 2184 vergat
1024 2103 1061 2166 ad
1082 2119 1100 2171 u

104 2191 228 2259 hostem,
240 2189 369 2258 relictos,
381 2188 568 2268 tabernacula
582 2197 681 2267 aperta
694 2197 725 2251 et
732 2189 829 2250 omnia
840 2207 906 2250 cara
918 2191 949 2249 iu
960 2185 1059 2268 prom·
1176 2239 1179 2245 .

88 2282 157 2354 ,pru
176 2273 295 2340 relicta,
322 2279 477 2350 argentum
496 2271 672 2350 quibusdam
696 2273 770 2334 locis
789 2281 901 2334 temere
927 2290 981 2350 per
1001 2275 1060 2333 rias

82 2357 182 2418 -uelut
196 2355 343 2416 obiectum
365 2356 400 2416 ad
416 2355 556 2434 praedam
571 2357 686 2416 vidisse.
717 2374 792 2436 quae
815 2356 852 2416 ad
867 2355 1060 2416 deterrendos
1082 2371 1098 2419 7

106 2461 120 2501 a
136 2440 294 2519 cupiditate
309 2442 422 2500 animos
433 2442 564 2500 nuntiata
581 2447 673 2509 erant,
690 2459 724 2500 ea
736 2440 941 2509 accenderunt,
958 2447 987 2500 et
1001 2439 1060 2500 cla·

106 2541 187 2586 more
198 2533 264 2584 orto
275 2542 290 2583 a
303 2523 453 2592 militibus,
470 2525 501 2585 ni
514 2525 629 2601 signum
640 2524 736 2594 detur,
748 2526 812 2584 sine
821 2523 946 2584 ducibus
956 2525 1058 2592 ituros,

106 2609 328 2687 haudquaquam
343 2608 402 2670 dux
413 2607 518 2670 deluit:
535 2626 603 2670 uam
615 2608 760 2687 extemplo
771 2610 863 2669 Varro
876 2609 993 2684 siguum
1008 2607 1059 2668 de·

106 2693 147 2753 dit
158 2691 371 2772 proficiscendi.
395 2691 512 2760 Paulus,
523 2709 590 2752 cum
602 2693 628 2752 ei
643 2710 694 2752 sua
710 2699 814 2770 sponte
825 2693 975 2752 cunctanti
985 2691 1060 2771 pulli
1081 2703 1099 2754 8

104 2795 220 2858 quoque
241 2777 372 2855 auspicio
393 2793 452 2837 nou
473 2775 667 2845 addixissent,
694 2776 825 2836 nuntiari
846 2777 904 2835 ianr
926 2775 1059 2836 ellerenti

105 2867 187 2940 porta
201 2863 283 2938 sigua
299 2859 439 2938 conlegae
453 2861 545 2921 iussit.
575 2859 653 2938 quod
668 2877 846 2939 quamquam
864 2859 954 2920 Varro
969 2877 1058 2936 aegre
1081 2872 1099 2922 9

105 2951 148 3003 est
165 2961 282 3020 passus,
310 2944 435 3006 Flamini
456 2951 553 3006 tamen
572 2962 678 3004 recens
698 2961 785 3004 casus
805 2943 966 3023 Claudique
987 2961 1058 3002 con-

105 3025 176 3088 sulis
190 3027 285 3104 primo
300 3027 412 3090 Punico
427 3027 506 3088 bello
521 3035 681 3089 memorata
696 3026 805 3088 navalis
825 3026 924 3086 clades
939 3025 1057 3101 religio-

106 3127 171 3172 nem
186 3110 283 3169 anime
303 3111 432 3170 incussit.
463 3112 492 3169 di
513 3129 605 3187 prope
625 3112 682 3186 ipsi
703 3129 737 3168 eo
750 3109 799 3168 die
809 3111 901 3184 magis
915 3106 1101 3172 distulereitt

106 3209 190 3274 quam
205 3191 385 3271 prohibuere
399 3194 591 3252 inminentem
604 3200 716 3271 pestem
728 3191 877 3252 Romanis.
897 3209 966 3250 nam
980 3191 1057 3250 lorte

106 3283 144 3340 ita
159 3277 268 3344 evenit,
285 3285 331 3344 ut,
353 3293 420 3336 eum
434 3276 541 3336 relerri
555 3277 638 3351 sigua
652 3276 682 3335 in
698 3282 793 3335 eastra
812 3274 924 3334 iubenti
945 3274 1057 3334 consuli

107 3361 211 3426 milites
225 3378 284 3421 uun
299 3367 452 3439 parerent,
470 3361 546 3420 servi
561 3359 635 3429 duo,
651 3359 800 3419 Formiani
815 3376 905 3427 uuus,
923 3357 996 3418 alter
1011 3357 1095 3424 si-rr

106 3447 192 3508 dioiul
213 3447 333 3526 equitis,
358 3445 409 3523 qui
428 3443 551 3506 Servilio
576 3452 663 3526 atque
683 3441 769 3504 Atilio
790 3441 959 3504 oonsulibus
979 3443 1057 3504 inter
