2538 3946
241 159 303 219 214
421 169 591 210 umnam
609 167 677 210 ose.
694 154 793 210 11.12.
811 143 851 226 [a
865 167 897 208 u.
914 167 940 207 o.
958 141 1030 226 536]

133 370 138 391 ,
241 317 278 378 ab
308 334 341 376 ea
365 323 464 396 parte,
491 333 546 394 qua
567 314 744 394 patefactum
766 310 906 392 oppidum
928 313 1030 372 mainis
1053 317 1164 382 erat,
1199 331 1216 372 r

215 402 373 462 elicerent.
414 397 484 459 inde
507 399 684 478 oppugnatio
708 413 759 458 eos
781 395 929 476 aliquanto
955 397 1117 456 atrocior
1147 413 1195 474 qu

240 491 308 545 ante
323 482 425 542 adorta
448 489 507 558 est;
528 499 598 552 nec,
619 499 676 578 qua
699 483 828 579 primum
844 485 894 540 aut
915 480 1135 558 potissimum
1149 489 1221 558 part

241 567 356 628 ferrent
371 585 479 664 opem,
503 584 570 626 cum
593 565 691 625 omnia
716 564 803 624 variis
825 561 1002 624 clamoribus
1023 568 1215 641 streperen

211 651 309 711 tsatis
336 651 413 710 scire
416 654 580 735 poteraut.
620 648 683 726 ipse
705 645 866 717 Hannibal,
890 665 947 726 qua
969 647 1072 708 turris
1102 645 1228 706 mobili

240 733 338 794 omnia
352 719 534 794 munimenta
544 730 627 792 urbis
642 748 783 810 superans
796 728 949 792 altitudine
960 729 1141 808 agebatur,
1162 729 1225 790 hor·

239 822 318 877 tator
332 815 444 878 aderat.
477 834 552 895 quae
564 833 631 874 cum
647 812 763 874 admota
780 811 933 893 catapultis
947 811 1163 892 ballistisque
1178 831 1224 891 per

211 900 336 963 tomuia
346 899 475 960 tabulata
487 898 634 977 dispositis
645 896 957 958 murosdelensoribus
968 896 1145 968 nudasset,
1166 905 1222 957 tuu

238 980 386 1044 Hannibal
408 983 593 1041 occasionem
614 987 696 1042 ratus
712 981 887 1060 quingentos
911 980 1006 1040 ferme
1019 979 1128 1042 Afros
1158 998 1220 1040 curu

241 1063 369 1125 dolabris
388 1063 424 1124 ad
442 1063 695 1125 subruendumab
713 1065 772 1124 imo
793 1081 910 1125 murum
931 1064 1030 1124 mittit.
1066 1082 1140 1125 nec
1160 1073 1219 1124 erat

240 1145 358 1208 dilllcile
373 1165 459 1226 opus,
476 1147 556 1227 quod
571 1153 722 1208 caementa
737 1165 798 1208 non
812 1146 892 1208 calce
907 1146 1009 1208 durata
1029 1155 1149 1217 erant,
1171 1148 1216 1208 sed

211 1229 368 1292 tinterlita
391 1230 452 1291 luto
472 1238 636 1292 structurae
664 1231 800 1310 antiquae
825 1248 943 1309 genere.
978 1231 1085 1310 itaque
1112 1230 1214 1300 latius,

239 1330 400 1394 quamque
420 1316 608 1386 caederetur,
625 1313 742 1384 ruebat,
758 1331 871 1394 perque
889 1315 1019 1394 patentia
1036 1315 1148 1375 ruinis
1167 1333 1213 1392 ag-

198 1399 319 1459 lomina
336 1400 542 1460 armatorum
533 1415 565 1459 in
579 1397 685 1458 urbem
702 1397 856 1458 radebant.
886 1396 983 1458 locum
999 1416 1129 1478 quoque
1150 1399 1212 1458 edi·

240 1489 301 1542 tum
316 1483 449 1561 capiunt,
472 1481 652 1564 conlatisque
667 1499 702 1542 eo
718 1479 872 1561 catapultis
886 1479 1086 1562 ballistisque,
1107 1489 1145 1542 ut
1164 1500 1210 1542 ca·

239 1569 385 1630 stellum
377 1585 408 1627 ιιι
430 1568 492 1644 ipsa
513 1565 588 1626 urbe
608 1562 687 1625 velut
705 1581 802 1624 arcem
822 1566 1014 1626 inminentem
1040 1563 1206 1634 habereut,

239 1669 324 1712 nruro
348 1648 540 1709 circumdant.
585 1654 615 1707 et
636 1647 789 1724 Saguntini
813 1666 929 1710 murum
965 1648 1143 1710 interiorem
1171 1649 1205 1746 ab

145 1781 146 1784 ,
201 1733 371 1794 tlnondum
391 1739 475 1810 capta
503 1737 587 1810 parte
609 1729 692 1790 urbis
709 1730 828 1792 ducunt.
865 1733 1012 1812 utrimque
1033 1749 1203 1792 summau

240 1824 270 1877 et
288 1817 424 1877 muniunt
446 1820 474 1874 et
501 1821 650 1893 pugnaut;
676 1814 727 1875 sed
754 1816 895 1876 interiora
914 1815 1023 1876 tuendo
1048 1816 1199 1876 minorem

198 1907 229 1957 ιι
240 1901 270 1960 in
286 1900 349 1961 dies
367 1897 471 1960 urbem
487 1899 641 1975 Saguntini
655 1897 774 1959 faciunt.
803 1897 889 1960 simul
900 1900 1006 1960 crescit
1016 1899 1116 1978 inopia
1132 1918 1195 1960 om·

238 1984 319 2044 nium
332 1983 419 2062 longa
432 1981 585 2042 obsidione
599 1988 628 2042 et
638 1982 779 2042 minuitur
794 1985 956 2061 expectatio
966 1989 1102 2044 externae
1118 1983 1193 2062 opis,

238 2085 306 2127 cum
322 2075 381 2127 tam
393 2065 498 2146 procul
511 2065 650 2136 Romani,
666 2066 752 2128 unica
765 2083 846 2146 spes,
859 2067 937 2128 circa
949 2067 1046 2127 omnia
1062 2065 1189 2127 hostium

198 2156 228 2207 13
239 2157 346 2211 essent.
378 2148 527 2228 paulisper
543 2156 642 2210 nmen
656 2149 787 2212 adiectos
798 2151 911 2211 animos
926 2150 1067 2210 recreavit
1080 2167 1187 2230 repen·

237 2233 297 2294 lina
311 2233 455 2314 prolectio
469 2232 641 2294 Hannibalis
665 2235 695 2293 in
712 2232 855 2296 Oretanos
870 2234 1116 2313 Carpetanosque,
1136 2235 1184 2312 qui

237 2318 294 2378 duo
311 2317 411 2397 populi
425 2315 547 2379 dilectus
561 2316 720 2378 acerbitate
737 2318 915 2380 consternati
933 2318 1053 2378 retentis
1067 2318 1183 2395 conqui-

236 2399 375 2461 sitoribus
396 2407 507 2462 metum
533 2399 705 2462 delectionis
728 2419 795 2462 cum
813 2399 1031 2481 praebuissent,
1056 2402 1181 2479 oppressi

210 2484 386 2545 tceleritate
407 2482 579 2544 Hannibalis
599 2486 761 2545 omiserunt
788 2493 867 2545 mota
895 2502 986 2546 arma.
1029 2483 1085 2546 llll.
1120 2484 1179 2544 Nec

236 2566 359 2646 Sagunti
385 2569 564 2646 oppugnatio
593 2568 712 2645 segnior
737 2574 800 2627 erat
821 2567 990 2628 Maharbale
1017 2565 1176 2628 Himilconis

235 2649 293 2710 lilio
303 2686 341 2696 —
351 2668 418 2711 eum
430 2650 766 2729 praefeceratHannibal
775 2683 817 2696 -—
828 2652 868 2712 ita
874 2652 990 2730 inpigre
1001 2669 1061 2710 rem
1070 2660 1173 2728 agente,

209 2739 268 2790 tut
291 2732 396 2792 ducem
418 2732 521 2794 abesse
543 2752 599 2794 nec
621 2735 698 2793 cives
718 2752 774 2795 nec
795 2735 895 2796 hostes
920 2735 1066 2796 sentirent.
1103 2735 1127 2792 is
1146 2741 1173 2794 et

233 2813 346 2891 proelia
364 2812 474 2892 aliquot
488 2817 616 2876 secunda
631 2817 714 2888 l,ecit
738 2817 877 2879 attribue
898 2818 1037 2880 arietibus
1055 2817 1171 2918 aliquan·

233 2902 295 2956 tum
311 2897 390 2956 muri
405 2897 554 2968 discussit,
573 2904 721 2977 strataque
734 2902 831 2960 omnia
847 2901 1015 2963 recentibus
1029 2903 1110 2964 ruinis
1123 2901 1168 2962 ad·

207 2981 364 3041 taenienti
381 2979 538 3041 Hannibali
560 2980 696 3042 ostendit.
735 2983 834 3063 itaque
857 2984 924 3046 ad
915 3004 1009 3065 ipsam
1025 3005 1108 3046 arcem
1123 3003 1166 3046 ex·

233 3064 341 3144 templo
354 3065 458 3125 ductus
471 3067 622 3136 exercitus,
640 3073 781 3147 atroxque
792 3069 935 3168 proelium
947 3088 1014 3130 cum
1026 3068 1162 3130 multorum

232 3150 380 3228 utrimque
396 3143 511 3209 caede
502 3151 607 3210 mitum
624 3158 654 3212 et
667 3170 736 3232 pars
751 3155 827 3213 arcis
845 3161 929 3234 capta
944 3163 997 3216 est.

201 3239 220 3287 4
292 3233 445 3311 Temptata
458 3232 564 3295 deinde
580 3253 635 3314 per
647 3237 719 3297 duos
732 3246 776 3298 est
792 3239 894 3315 exigua
906 3240 987 3318 pacis
1002 3253 1075 3334 spes,
1088 3235 1160 3296 Alco·

230 3333 298 3374 nem
314 3317 506 3392 Saguntinum
527 3325 555 3376 et
569 3317 705 3379 Alorcum
721 3321 892 3397 Hispanum.
924 3320 1025 3381 Alco
1016 3320 1100 3378 insciis
1114 3318 1159 3378 Sa·

230 3398 374 3470 guntinis,
393 3399 531 3485 precibus
547 3398 816 3478 aliquidmoturnm
829 3411 922 3473 ratus,
941 3418 1037 3463 cuma
1024 3401 1155 3460 dallanul·
1229 3389 1230 3416 ³
