2542 3956
208 203 270 266 346
379 215 472 257 cinna
486 215 576 256 xxm.
592 213 660 257 can.
673 201 719 256 ei.
731 201 775 256 28.
791 191 831 274 [e.
845 215 877 257 u.
892 217 919 258 e.
934 192 999 276 538]

178 374 305 444 zoeque
322 373 485 426 castrorum
506 363 684 441 oppugnatio
699 359 794 422 iacilis
806 369 886 432 erat,
910 360 1017 422 urbem
1027 363 1174 434 vArtenam,

208 467 267 528 qno
284 447 352 508 linis
369 447 496 508 bostium
510 445 682 524 ingrediens
696 443 862 506 Hasdrubal
882 445 1066 508 irenem
1080 465 1173 508 ‘com-

209 539 380 610 meatusque
391 531 464 592 alios
479 534 669 599 convenerat,
684 529 713 588 m·
723 531 842 608 capiunt
852 531 993 609 omnique
1002 531 1085 616 eirea
1097 549 1172 608 agro

208 616 376 695 patientum
392 633 448 676 nec
471 616 528 675 iam
550 621 602 674 aut
616 613 646 673 in
668 614 785 690 agrum
799 622 849 674 ant
865 615 897 674 in
912 615 1017 675 eastris
1029 612 1094 675 ullo
1114 617 1170 676 im·

179 700 293 778 aperie
305 700 459 760 contineri.
487 716 574 778 quarn
587 695 638 757 nbi
648 695 865 774 neglegemsm
880 716 916 758 ex
925 716 970 769 re,
985 706 1019 758 nt
1029 698 1073 769 fit,
1090 695 1169 760 liene

208 790 288 861 gesta
306 785 380 844 oriri
400 779 724 850 senseratllasdrnbal,
741 781 912 842 cobmtatns
926 781 1049 852 milites,
1066 790 1102 843 ut
1118 802 1168 862 pa·

206 865 357 928 latossine
369 868 459 946 signia
473 867 572 928 lrostes
586 864 828 942 adgrederentur,
844 865 1000 944 degressus
1010 865 1087 926 colle
1099 885 1167 947 per·

175 953 248 1029 agit
258 953 302 1012 ire
318 952 379 1012 acie
391 953 531 1012 instructa
542 949 579 1010 ad
592 952 697 1010 castra.
720 967 813 1028 quem
826 955 858 1009 ut
869 949 972 1011 adesse
986 950 1167 1012 tumultuose

209 1035 304 1095 nuntii
325 1051 360 1096 ae
378 1034 560 1112 refugientes
577 1051 613 1093 ox
629 1031 756 1112 speculis
776 1033 1009 1114 stationibusque
1029 1033 1165 1106 numere,

173 1117 243 1177 aad
257 1135 339 1178 arma
355 1116 569 1179 conclamatum
589 1123 643 1178 est.
673 1118 842 1197 utquisque
857 1135 939 1178 arma
954 1126 1089 1196 ceperat,
1103 1120 1165 1178 sine

210 1201 348 1280 imperio,
371 1203 434 1263 siue
449 1203 548 1280 signo,
571 1201 762 1280 inconpositi,
782 1189 945 1263 inordinati
964 1202 996 1262 in
1015 1201 1165 1281 proelium

207 1292 306 1346 ruunt
343 1286 402 1348 iam
421 1286 511 1366 primi
533 1293 745 1346 conseruerant
765 1301 884 1357 menos,
906 1303 975 1346 cum
995 1285 1046 1346 alii
1069 1295 1164 1348 cater-

176 1371 295 1430 niveum
310 1376 480 1441 currerent,
506 1369 554 1430 alii
574 1368 705 1430 nendum
726 1387 744 1428 e
765 1371 869 1430 eastris
890 1371 1028 1430 exissent.
1066 1379 1164 1432 tnmm

209 1454 305 1530 primo
320 1456 383 1533 ipse
398 1454 519 1516 audacia
534 1460 669 1514 terruere
687 1453 818 1522 lnostemt
841 1453 948 1514 deinde
963 1455 1025 1515 rari
1044 1455 1079 1514 in
1095 1473 1163 1516 eon·

208 1537 300 1598 iertos
313 1537 410 1609 inlati,
426 1555 492 1598 oum
503 1539 634 1618 paucitas
647 1555 753 1616 parum
768 1545 830 1599 tuta
841 1545 932 1608 esset,
949 1540 1102 1618 respicere
1118 1538 1164 1600 alii

176 1618 279 1681 ‘telios
301 1628 330 1680 et
351 1620 480 1702 undique
503 1620 579 1701 pulsi
599 1623 680 1681 coire
700 1622 730 1681 in
752 1620 869 1692 orbem,
893 1631 923 1682 et
943 1622 1013 1683 dum
1033 1640 1164 1700 empore

208 1702 382 1783 corporibus
406 1702 554 1783 applicant
573 1723 713 1784 armaque
735 1706 825 1766 armis
845 1708 983 1784 iungunt,
1013 1707 1044 1767 in
1067 1715 1162 1768 artum

210 1784 356 1866 conpulsi,
382 1804 448 1846 cum
465 1789 513 1847 vix
529 1787 681 1848 movendis
701 1791 792 1849 armis
812 1791 882 1852 satis
897 1791 984 1868 spatii
1001 1800 1095 1863 esset,
1114 1809 1162 1852 co·

176 1873 280 1930 arona
302 1869 429 1931 hostium
451 1871 539 1932 cincti
560 1870 597 1932 ad
624 1870 748 1932 multum
768 1872 827 1933 diei
850 1873 1028 1944 caeduntur;
1058 1876 1161 1954 exigua

207 1970 276 2032 pars
292 1955 446 2034 eruptione
466 1953 541 2016 iacta
563 1955 648 2015 silvas
666 1975 700 2016 ac
717 1957 825 2017 montis
838 1959 921 2038 petit.
960 1959 1086 2038 parique
1103 1966 1161 2019 ter·

208 2054 277 2099 roro
293 2044 322 2098 et
343 2045 437 2099 castra
456 2045 526 2100 sunt
548 2038 664 2101 deserta
687 2046 716 2100 et
731 2041 869 2102 universa
883 2059 956 2120 gens
978 2051 1100 2121 postero
1116 2042 1161 2104 die

207 2123 238 2180 in
253 2121 430 2182 deditionem
447 2124 534 2183 vonit.

174 2207 196 2260 e
269 2203 332 2266 Nec
349 2204 398 2266 din
412 2207 443 2266 in
458 2214 544 2284 pacto
559 2208 683 2268 mansit:
706 2225 773 2268 nam
788 2208 913 2270 subinde
930 2208 967 2270 ab
986 2209 1160 2288 Cartbagine

208 2286 336 2350 adlatum
351 2294 407 2359 est,
430 2296 464 2350 ut
476 2289 640 2352 llasdrubal
661 2292 757 2370 primo
778 2311 895 2372 quoqne
910 2301 1045 2374 tempore
1060 2296 1091 2356 io
1107 2295 1159 2356 lta·

208 2369 276 2431 liam
292 2374 452 2434 exercitum
470 2374 605 2444 duceret,
630 2393 705 2454 quae
726 2375 838 2454 volgata
856 2395 905 2437 res
921 2396 976 2457 per
992 2377 1159 2458 llispaniam

165 2456 341 2517 toomnium
361 2456 454 2517 terme
473 2459 587 2519 animos
606 2458 643 2518 ad
659 2459 806 2520 Romanos
827 2463 940 2523 avertit.
974 2463 1075 2540 itaque
1090 2461 1160 2523 llas·

208 2536 312 2600 drubal
344 2539 489 2620 extemplo
519 2540 631 2603 litteras
663 2541 867 2622 Carthaginem
899 2546 988 2605 mittit
1018 2545 1158 2616 indicans,

208 2629 317 2700 quanto
333 2623 410 2685 lema
421 2624 611 2702 profectionis
625 2645 695 2688 snae
708 2627 816 2688 damno
830 2628 947 2698 luisset:
964 2631 990 2690 si
1006 2647 1077 2691 vero
1093 2629 1159 2690 inde

206 2715 359 2784 pergeret,
379 2708 547 2788 prinsquam
564 2709 705 2772 llibcrnm
722 2713 873 2782 transiret,
895 2713 1096 2774 Romanorum
1111 2714 1157 2776 lli·

165 2789 340 2864 {ispaniam
354 2790 434 2852 iore:
452 2809 519 2852 nam
531 2802 736 2874 praeterquam
749 2795 826 2874 qnod
839 2813 898 2856 nee
910 2797 1091 2876 praesidinm
1106 2814 1158 2858 nec

207 2869 311 2940 ducem
325 2871 462 2943 baberet,
482 2893 568 2952 quern
583 2876 764 2956 relinqueret
774 2896 829 2957 pro
844 2898 890 2951 se,
907 2897 957 2942 eos
967 2881 1157 2958 imperatores

207 2970 271 3014 osse
292 2952 457 3026 Romanos,
478 2956 582 3036 quibus
601 2962 648 3020 vir
674 2963 774 3040 aequis
801 2962 911 3024 viribus
935 2965 1032 3024 resisti
1055 2966 1156 3044 possit:

164 3043 198 3094 ts
209 3037 307 3117 itaque
324 3040 348 3099 si
362 3037 420 3100 nlla
441 3040 598 3119 llispaniae
614 3061 685 3104 cura
703 3053 789 3113 esset,
799 3063 998 3108 successorem
1018 3048 1075 3108 sibi
1095 3066 1157 3110 enm

206 3119 300 3182 valido
311 3124 439 3185 exercitu
451 3125 615 3196 mitterent,
631 3129 678 3188 cui
692 3135 726 3188 nt
736 3131 833 3190 omnia
845 3148 988 3210 prospere
999 3134 1156 3200 evenirent,

70 3215 74 3220 ·
177 3209 265 3264 tnon
281 3212 380 3267 manen
397 3209 517 3270 otiosam
536 3211 717 3287 provinciam
732 3212 805 3272 lore.
850 3214 975 3276 lllll'lll.
1008 3215 1068 3276 Eae
1084 3214 1156 3276 litte·

196 3302 248 3344 rae
261 3302 439 3366 quamquam
451 3291 549 3366 primo
558 3293 714 3354 admodum
727 3304 883 3357 moverunt
894 3304 1039 3368 senatum,
1055 3305 1160 3373 tamen,

196 3369 265 3442 quia
280 3368 380 3430 ltaliae
396 3388 468 3431 eura
482 3372 565 3451 prior
576 3377 735 3454 potiorque
748 3386 821 3448 erat,
840 3380 915 3441 nibil
931 3381 967 3441 de
979 3381 1160 3442 Hasdrubale

163 3453 292 3522 sineque
308 3452 344 3511 de
360 3455 456 3532 copiis
470 3457 537 3516 eius
551 3467 696 3520 mutatum
718 3469 777 3530 est:
800 3462 929 3525 Himilco
944 3483 1011 3526 cum
1027 3468 1160 3527 exercitu
