2538 3946
330 207 423 249 cisun
439 208 469 247 x.
488 206 555 250 oar.
571 195 613 246 44.
628 194 673 248 45.
688 185 729 269 [a.
745 189 780 251 Ο.
798 186 860 270 293]
1015 195 1076 260 197

100 373 208 434 gnem
226 353 326 416 multis
340 353 413 415 locis
425 372 545 433 operam
561 354 718 416 corniculis
732 355 913 436 armillisque
929 359 1076 436 argenteis

102 440 218 501 donat.
253 437 407 500 consilinm
429 438 499 499 inde
519 437 666 510 habitum,
693 457 760 499 cum
782 441 842 510 ianr
865 447 981 518 tempus
999 447 1105 502 esseto

102 523 284 584 deducendi
295 523 331 582 ab
346 522 465 583 Samnio
481 523 627 583 exercitus
641 529 691 584 ant
705 523 858 602 utriusque
876 531 926 585 aut
937 532 1017 585 certe
1034 523 1074 586 al·

100 609 218 668 terius.
244 607 387 686 optimum
399 607 504 676 usum,
527 623 585 685 quo
603 607 697 684 magis
709 606 819 666 fractae
833 625 882 668 res
902 608 1104 669 Samnitium

104 697 231 762 essent,
257 707 292 750 eo
312 690 491 768 pertinacius
508 697 537 750 et
555 689 690 750 infestius
706 707 793 768 agere
810 697 907 752 cetera
924 698 954 751 et
974 709 1075 770 perse·

105 776 182 854 qui,
207 781 241 834 ut
264 772 462 852 perdomitum
482 773 633 834 Samnium
660 773 883 852 insequentibus
908 774 1077 836 consulibus

104 856 196 918 tradi
216 863 325 936 posset.
361 856 478 936 qnando
492 858 550 919 ianr
569 855 667 918 nullus
681 864 760 919 esset
779 857 907 920 hostium
920 861 1104 928 exercitus,8

108 942 168 1020 qui
183 942 274 1018 signis
290 939 412 1001 conlatis
428 939 618 1002 dimicaturus
632 941 797 1010 rideretur,
815 958 906 1002 unum
922 959 1077 1021 superesse
1094 1007 1095 1012 γ

107 1023 188 1086 belli
207 1042 315 1103 genus,
339 1023 459 1085 urbium
473 1025 721 1103 oppugnationes,
746 1042 869 1103 quarum
892 1043 946 1103 per
963 1024 1077 1086 excidia

109 1107 240 1169 militem
259 1107 438 1188 locupletare
463 1107 574 1187 praeda
595 1114 625 1168 et
649 1108 764 1170 hostem
789 1127 844 1186 pro
868 1109 927 1168 aris
948 1126 982 1168 ao
1003 1108 1076 1168 iocis

111 1191 306 1253 dimicantem
326 1192 472 1252 conficere
498 1197 628 1270 possent.
669 1194 767 1270 itaque
792 1190 899 1252 litteris
923 1193 1021 1252 missis
1042 1191 1109 1251 ade

110 1283 251 1336 senatum
275 1275 474 1354 populumque
494 1275 660 1336 Romanum
685 1275 722 1335 de
749 1274 838 1335 rebus
863 1274 900 1334 ab
928 1292 960 1335 se
987 1277 1077 1352 gestis

114 1359 239 1428 diversi,
261 1358 396 1436 Papirius
417 1357 454 1417 ad
476 1357 648 1437 Saepinum,
671 1357 811 1420 Carvilius
832 1357 869 1418 ad
890 1356 1002 1418 Veliam
1023 1376 1075 1436 op·

113 1440 305 1521 pugnandam
319 1440 451 1519 legiones
470 1440 589 1502 ducunt.

179 1525 263 1586 XLV.
292 1525 419 1586 Litterae
440 1523 593 1586 consulum
618 1526 731 1604 ingenti
755 1525 864 1586 laetitia
886 1532 916 1586 et
940 1526 972 1584 in
993 1525 1100 1584 curial

115 1617 146 1668 et
156 1609 188 1668 in
200 1601 336 1669 contione
347 1608 477 1679 auditae,
494 1617 525 1670 et
535 1608 691 1688 quadridui
701 1608 914 1688 supplicatione
924 1606 1074 1688 publicum

115 1691 254 1770 gaudium
274 1692 394 1770 privatis
413 1693 517 1754 studiis
535 1690 716 1754 celebratum
732 1702 784 1754 est.
815 1710 871 1752 nec
892 1692 1002 1772 populo
1017 1691 1105 1752 ΒΜ

113 1792 203 1837 mano
230 1793 337 1853 magna
363 1776 458 1837 solum
485 1776 538 1837 sed
562 1784 763 1856 peroportuna
783 1779 870 1839 etiam
895 1794 929 1836 ea
954 1776 1075 1836 victoria

113 1858 184 1929 init,
205 1860 273 1938 quia
292 1877 347 1937 per
365 1859 444 1920 idem
461 1859 538 1920 iorte
557 1867 675 1939 tempus
689 1859 848 1922 rebellasse
863 1861 1002 1920 Etruscos
1024 1857 1074 1918 ad·

113 1941 204 2002 latum
226 1949 279 2003 est.
315 1941 433 2004 subibat
448 1944 584 2021 cogitatio
604 1945 748 2013 animum,
772 1960 899 2023 monam
922 1941 1010 2003 modo
1030 1947 1102 2000 to·3

114 2024 243 2086 larabilis
262 2025 361 2087 lutura
376 2026 493 2088 Etruria
510 2027 627 2097 suisset,
648 2026 758 2105 siquid
779 2028 809 2086 in
824 2025 944 2087 Samnio
959 2024 1075 2085 adversi

113 2111 273 2180 evenisset,
293 2127 368 2188 quae
388 2111 590 2169 coniuratione
606 2109 780 2168 Samnitium
800 2113 913 2178 erecta,
935 2109 1074 2186 quoniam

113 2192 201 2252 ambo
219 2190 354 2252 consules
375 2193 528 2269 omnisque
543 2191 675 2251 Romana
694 2192 737 2250 vis
752 2209 853 2252 aversa
875 2192 906 2250 in
921 2191 1073 2252 Samnium

113 2282 204 2344 esset,
229 2275 452 2352 occupationem
472 2272 574 2352 populi
587 2272 712 2334 Romani
731 2293 787 2353 pro
802 2275 956 2336 occasione
975 2273 1076 2334 rebel:

112 2356 192 2417 landi
212 2355 371 2417 habuisset.
418 2356 580 2433 legationes
603 2357 765 2427 sociorum,
791 2376 807 2417 a
827 2357 865 2416 Μ.
880 2356 966 2418 Atilio
987 2363 1103 2435 prae-4

112 2447 178 2501 tore
197 2441 378 2500 incenatum
399 2439 598 2512 introductae,
623 2439 823 2519 querebantur
842 2441 890 2501 nri
910 2458 943 2501 ac
966 2441 1073 2502 vastari

113 2539 200 2602 agros
220 2543 237 2586 a
254 2524 384 2586 finitimis
397 2523 546 2595 Etruscis,
568 2524 646 2604 quod
668 2523 832 2586 desciscere
853 2542 870 2585 a
889 2522 999 2603 populo
1013 2524 1072 2584 Ro-

111 2625 199 2668 mano
215 2607 343 2678 nollent,
367 2606 647 2688 obtestabanturque
660 2615 760 2687 patres
775 2609 972 2687 conscriptos,
993 2613 1026 2667 ut
1040 2613 1102 2666 sen

111 2693 164 2752 avi
174 2698 261 2771 atquc
272 2692 380 2754 iniuria
392 2693 591 2754 communium
604 2692 734 2756 hostium
744 2698 921 2753 tutarentur.
948 2707 1071 2770 respon-

111 2794 176 2836 sum
197 2775 301 2854 legatis
322 2793 411 2837 curae
430 2777 545 2837 senatui
565 2775 712 2846 futurum,
735 2794 779 2858 ne
793 2777 889 2836 socios
907 2774 977 2836 fidei
1002 2791 1073 2835 suae

110 2861 288 2939 paeniteret;
301 2859 491 2921 Etruscorum
502 2860 682 2938 propediem
692 2859 815 2920 eandem
827 2859 975 2919 fortunam
983 2877 1071 2938 quam

112 2942 285 3004 Samnitium
301 2943 374 3004 iore.
409 2945 529 3022 segnius
539 2952 651 3015 tamen,
676 2943 755 3022 quod
774 2942 810 3004 ad
827 2943 976 3004 Etruriam
998 2943 1099 3003 alti-6

112 3024 214 3096 nebat,
230 3033 294 3086 acta
310 3046 358 3089 res
373 3035 465 3098 esset,
483 3028 514 3087 ni
529 3027 658 3089 Faliscos
676 3045 805 3106 qnoque,
828 3028 878 3106 qui
892 3044 946 3105 per
963 3025 1071 3085 multos

112 3126 205 3169 annos
224 3111 256 3169 in
277 3112 404 3172 amicitia
424 3111 557 3180 fuerant,
583 3111 711 3172 adlatum
737 3111 815 3171 ioret
839 3127 920 3170 arma
940 3108 1071 3168 Etruscis

111 3193 250 3253 iunxisse.
284 3192 371 3253 huius
384 3195 587 3272 propinquitas
601 3193 703 3273 populi
719 3194 797 3255 acuit
812 3209 913 3252 euram
928 3190 1069 3270 patribus,
1083 3198 1099 3245 7

111 3283 144 3338 nt
157 3275 270 3338 fetiales
286 3277 444 3339 mittendos
459 3276 495 3336 ad
509 3295 558 3336 res
572 3277 749 3355 repetendas
765 3281 928 3337 censerent.
966 3273 1071 3352 quibus

112 3378 171 3422 non
196 3359 319 3422 redditis
341 3379 377 3421 ex
405 3361 577 3422 anctoritate
595 3367 712 3438 patrum
732 3360 813 3420 iussu
834 3356 935 3437 populi
960 3355 1070 3416 bellurn

114 3443 232 3506 Faliscis
251 3443 394 3505 indictum
418 3450 475 3514 est,
501 3444 629 3522 iussique
649 3444 786 3504 consules
806 3443 919 3512 sortiri,
945 3447 1012 3501 nter
1034 3445 1097 3500 exe
