2538 3946
218 183 284 245 eet
453 199 631 243 raarecnsn
644 199 806 242 araucensi
820 199 885 240 ιιι.
899 198 951 238 ιι.

218 344 349 411 proiectus
362 346 482 399 —lussit
498 348 579 412 mergi
590 345 689 414 pullos,
707 346 751 410 qui
767 346 845 398 cibari
860 344 982 396 nolebant
998 369 1034 380 -
1052 339 1223 422 infelicitn

219 413 343 464 adrasus
353 413 574 480 carthaginienses
586 416 670 466 classe
678 416 802 478 pugnavit
813 422 846 476 et,
857 421 991 463 resecatus
999 425 1016 460 a
1025 417 1144 460 senatu
1162 423 1223 459 rus·

220 493 316 542 susque
328 481 475 532 dictatorem
487 483 580 546 ulcere,
587 481 720 533 Claudium
726 479 831 532 Gliciam
843 480 917 540 dixit,
929 480 1005 530 sortis
1018 477 1154 528 ultimae
1169 475 1223 526 isc-

219 548 324 610 minem,
336 549 389 612 qui,
402 559 504 602 coactus
515 549 633 600 abdicare
645 563 675 599 se
686 550 850 613 magistratu,
867 555 957 613 postea
972 546 1051 597 ludes
1066 551 1222 610 praetem

218 620 286 664 tetus
304 619 438 678 spectavit.
461 618 494 668 A.
506 617 601 668 Atilius
616 614 744 666 Calatinus
761 616 858 681 primns
876 615 983 666 dictatm
998 621 1080 664 extra
1093 611 1220 662 Italiam

219 681 358 732 exereitum
371 684 453 734 duxit.
471 684 632 734 commutatio
645 683 802 748 captivorum
814 696 873 732 eum
878 679 1113 731 Poenislactaesi.
1131 679 1217 728 ccic-

218 738 406 800 niaededne'tae
417 760 477 801 sunt
482 753 619 815 Fregenae,
630 751 724 814 inegro
731 749 870 801 Sallentino
881 748 1058 801 Brundisium.
1079 745 1224 796 lustrumi

217 829 234 864 a
246 818 393 868 censoribus
405 819 536 870 uenditum
548 826 596 868 est.
624 831 701 867 censa
717 823 776 868 sunt
793 817 888 866 civium
905 816 1095 880 capitam
1113 826 1210 869 ccxli.

218 880 332 946 Claudia,
343 900 416 936 soror
426 886 456 940 P.
470 885 573 945 Claudi,
586 885 630 948 qui
641 884 791 950 contemptis
803 883 924 948 auspiciis
936 882 1003 932 maie
1014 891 1210 949 pugnaverat,

218 949 311 999 aludis
328 959 459 1003 revertens
472 967 530 1002 cum
541 951 617 1002 turba
627 959 797 1016 premeretur,
810 951 875 1000 dixit
886 951 1007 1012 „utinam
1017 949 1106 1000 irater
1122 963 1208 998 meus

217 1018 328 1067 viveret!
346 1020 437 1068 iterum
453 1020 562 1070 classem
575 1015 708 1069 duceret.“
742 1018 844 1068 obeam
862 1031 965 1068 causam
987 1017 1071 1067 multa
1085 1017 1113 1066 el
1130 1017 1205 1066 dicta

218 1091 268 1136 est.
291 1084 342 1134 dno
354 1093 483 1150 praetores
492 1095 553 1136 ωηο
561 1086 671 1152 primum
677 1086 755 1134 creati
766 1096 835 1138 sunt.
857 1083 1116 1135 CaeciliusMetellus
1128 1097 1202 1149 pcn-

216 1150 283 1200 tilex
299 1152 428 1203 maximus
445 1153 478 1206 Α.
491 1152 651 1203 Postumium
662 1151 806 1212 consulem,
825 1151 946 1216 quoniam
962 1151 1032 1201 idem
1050 1159 1078 1200 et
1096 1150 1200 1200 liamen

217 1217 340 1268 Martialis
353 1226 419 1282 erat,
431 1234 489 1271 cnm
501 1219 523 1270 is
535 1220 569 1270 ad
578 1219 673 1269 bellum
684 1220 823 1284 gerendum
835 1217 963 1285 proficisci
973 1217 1070 1280 vellet,
1084 1218 1114 1267 in
1130 1220 1198 1268 urbe

217 1285 299 1335 tenuit
317 1300 364 1336 nec
380 1300 474 1352 passus
491 1295 557 1338 esta
573 1287 653 1337 sacris
668 1288 797 1338 recedere.
825 1287 901 1336 rebus
918 1287 1043 1336 adversus
1056 1285 1197 1335 Poenoss

216 1352 333 1418 pluribus
344 1353 451 1405 ducibus
459 1368 581 1420 prospere
592 1353 673 1418 gestis
684 1367 811 1405 summam
819 1353 942 1402 victoriae
955 1351 982 1403 (l.
992 1352 1116 1402 Lutatius
1131 1366 1197 1402 cen·
1224 1359 1225 1422 l

217 1419 259 1470 snl
271 1420 338 1470 vieta
350 1421 384 1470 ad
395 1422 507 1487 Aegates
519 1421 618 1472 insulas
631 1421 714 1473 classe
724 1422 868 1471 Poenorum
880 1420 1011 1487 imposuit.
1037 1421 1193 1484 petentibus
1224 1423 1225 1472 Ξ

219 1485 471 1552 Carthaginiensibus
481 1502 534 1553 pax
546 1488 606 1537 data
618 1497 665 1539 est.
682 1502 740 1538 eum
753 1486 875 1552 templum
884 1487 979 1538 Vestae
990 1487 1110 1552 arderet,
1127 1485 1192 1537 (lae-
1224 1501 1225 1508 ¹

216 1554 290 1605 cilius
307 1555 424 1605 Metellus
435 1555 558 1622 pontifex
574 1556 702 1604 maximus
720 1570 753 1605 ex
765 1555 883 1605 incendio
904 1569 977 1606 saera
993 1555 1088 1620 rapuit.
1121 1554 1190 1604 duae

216 1622 300 1672 tribus
312 1622 428 1672 adiectae
439 1631 499 1672 sunt
511 1657 519 1687 ,
531 1621 624 1672 Velina
636 1630 661 1670 ct
673 1621 788 1682 Quirina.

601 1773 803 1784 u..—

511 1936 700 2000 PERIOCHA
721 1937 822 1999 LIBRI
839 1937 901 2000 XX.

287 2105 379 2156 Falisci
401 2119 458 2155 cum
474 2104 658 2169 rebellassent,
681 2112 754 2156 sexto
773 2106 814 2155 dle
830 2105 966 2172 perdomiti
982 2106 1009 2155 in
1027 2106 1180 2157 deditionem
1225 2083 1226 2120 ³

218 2181 355 2223 venerunt.
385 2171 526 2239 Spoletium
544 2172 644 2222 ebionis
659 2172 768 2224 deducta
785 2181 832 2225 est.
860 2174 985 2223 adsersus
1002 2172 1106 2239 Ligures
1119 2182 1179 2224 tuuc

219 2237 330 2304 primum
348 2241 475 2289 exercitus
491 2248 624 2305 promotus
641 2249 688 2290 est.
717 2239 791 2290 Sardi
808 2247 833 2290 et
846 2239 917 2292 Corsi
934 2255 992 2290 cum
1003 2240 1175 2304 rebellassent,

220 2308 320 2357 subacti
337 2313 406 2358 sunt.
433 2307 528 2357 Tuccia
544 2307 616 2372 virgo
632 2306 744 2357 Vestalis
764 2308 855 2358 incesti
872 2308 993 2359 damnata
1010 2317 1056 2362 est.
1084 2309 1175 2359 bellum

219 2373 313 2438 illyriis
329 2382 433 2448 propter
449 2389 529 2424 unum
546 2389 578 2424 ex
593 2374 700 2440 legatis,
717 2375 761 2438 qui
777 2375 810 2424 ad
826 2389 871 2425 eos
883 2375 956 2426 missi
968 2384 1050 2439 eant,
1068 2377 1174 2427 occisum

219 2441 344 2492 indictum
354 2449 402 2501 est,
415 2441 565 2504 subactique
576 2441 603 2490 in
612 2441 770 2492 deditionem
781 2451 913 2495 venerunt.
933 2451 1076 2508 praetorum
1088 2458 1174 2494 nume·

219 2503 1172 2640 exsilientes*eiiii·,iiiiiitileieililz

220 2657 271 2705 que
283 2592 394 2693 remigis
411 2611 522 2693 tre’centa
538 2643 608 2692 milla
624 2651 777 2692 armatorum
794 2590 915 2694 gessisse
931 2645 1002 2698 dicit.
1030 2645 1170 2696 exercitibus

219 2709 342 2761 Romanis
359 2717 420 2760 tunc
436 2709 548 2776 primum
565 2716 635 2759 trans
652 2709 749 2760 Padum
767 2709 849 2759 ductis
866 2709 932 2760 Galli
947 2713 1065 2763 Insubres
1080 2713 1169 2776 aliquot

220 2777 323 2840 proeliis
335 2776 388 2826 iusi
399 2775 426 2826 in
438 2777 592 2827 deditionem
606 2785 738 2830 venerunt.
761 2775 796 2827 Μ.
810 2777 931 2832 claudius
944 2779 1074 2830 Marcellus
1084 2779 1167 2829 consui

221 2843 305 2892 occiso
323 2842 452 2894 Gallorum
468 2845 614 2894 Insubrium
637 2843 701 2893 duce
719 2844 876 2894 Vertomaro·
886 2846 971 2909 opima
987 2846 1065 2910 spolia
1079 2846 1167 2899 retulit.

220 2908 298 2959 Histri
310 2909 410 2958 subacti
420 2920 490 2959 sunt.
515 2911 576 2959 item
588 2911 667 2974 Illyrii
676 2925 734 2960 cum
745 2911 920 2973 rebellassent,
933 2912 1022 2963 domiti
1033 2913 1056 2963 ln
1068 2913 1167 2964 deditic-

221 2989 279 3025 nem
290 2984 424 3026 venerunt.
449 2976 556 3026 instrum
568 2991 583 3025 a
593 2977 742 3026 censoribus
752 2977 791 3026 bis
802 2979 930 3028 conditum
943 2988 996 3031 est:
1009 2981 1083 3046 prime
1093 2981 1165 3032 lustro

221 3057 298 3094 censa
309 3050 371 3094 sunt
387 3042 481 3092 civium
493 3044 576 3109 capita
587 3045 680 3098 E'chxx‘
691 3055 782 3098 ccxlii.
791 3041 834 3074 *⁸
845 3044 956 3096 libertini
966 3048 993 3097 in
1005 3057 1113 3110 quanuor
1123 3048 1166 3097 trl·

220 3112 268 3161 bus
279 3111 374 3161 redacti
385 3117 455 3171 sunt,
467 3125 525 3162 cum
534 3112 725 3177 anteadlspersi
736 3126 783 3177 per
793 3126 882 3162 omnes
894 3112 1010 3176 inissent,
1022 3115 1165 3179 Esquilinam

220 3178 360 3228 Palatinam
378 3177 537 3230 Suburanam
554 3177 685 3230 Collinam.
717 3177 745 3231 0.
757 3179 896 3232 Flaminius
912 3196 1004 3232 censer
1014 3186 1072 3232 cicer
1081 3183 1164 3233 licat·-

220 3245 287 3296 nt'am
298 3246 390 3297 muniit
406 3256 430 3295 et
442 3247 537 3297 circum
552 3246 705 3297 Flaminium
722 3249 856 3302 exstrruit.
885 3247 1000 3299 coloniae
1017 3249 1127 3300 deductae
1137 3249 1162 3299 in

221 3325 283 3374 agre
297 3313 329 3362 dc
342 3311 420 3362 Gallis
433 3323 520 3378 capte,
532 3313 661 3364 Placentia
674 3322 699 3364 et
710 3313 843 3366 Cremona.
