2542 3956
198 173 262 238 304
367 191 552 241 nonnarum.
576 191 645 233 oar.
661 179 704 234 48.
719 180 763 230 49.
787 171 829 250 [a.
843 193 878 247 n.
894 191 922 232 c.
937 170 1001 249 538]

167 333 282 425 4parte
293 343 469 410 conseritur,
486 343 581 420 quieti
593 348 781 408 manserunt;
798 349 953 420 postquam
965 343 1101 402 omnium
1116 340 1184 400 ani·

199 445 263 488 mos
277 426 436 505 oculosque
450 433 647 504 occupaverat
661 433 828 496 certamen,
844 432 908 486 tum
923 426 1054 502 arreptis
1069 427 1181 494 scutis,

199 529 275 592 qirae
286 513 398 590 passim
409 512 491 571 inter
502 527 623 570 acervos
633 527 788 570 caesorum
800 526 960 588 corporum
972 516 1064 570 strata
1078 518 1180 579 erant,

199 614 333 656 aversam
356 594 532 655 adoriuntur
545 593 708 656 Romanam
729 595 840 664 aciem,
865 602 1007 672 tergaque
1028 594 1181 655 lerientes

199 699 233 740 ac
254 679 382 760 poplites
403 678 561 739 caedentes
582 685 711 755 stragem
731 680 884 755 ingentem
905 696 939 737 ac
960 679 1110 738 maiorem
1126 677 1180 737 ali-

169 756 309 844 iquanto
323 781 463 843 pavorem
480 781 513 823 ac
528 763 685 824 tumultum
703 763 850 823 iecerunt.
888 781 957 822 cnm
980 761 1051 822 alibi
1074 769 1178 822 terror

200 867 234 908 ac
249 849 333 924 luga,
358 847 430 908 alibi
452 850 589 926 pertinax
611 850 643 906 in
664 847 742 906 mala
764 849 824 907 iam
846 864 898 925 spe
918 846 1067 925 proelium
1082 855 1176 916 esset,

199 930 366 993 Hasdrubal
378 929 432 1001 **,
456 934 508 1010 qui
524 949 559 992 ea
572 938 658 1009 parte
673 937 825 1009 praeerat,
842 929 1006 992 subductos
1021 949 1060 990 ex
1075 930 1177 992 media

200 1019 263 1076 acie
279 1014 438 1083 Numidas,
455 1017 525 1094 quia
536 1017 636 1092 segnis
648 1013 751 1075 eorum
762 1033 831 1075 cum
842 1015 976 1075 adversis
985 1032 1087 1094 pugna
1100 1023 1176 1083 erat,

169 1097 236 1158 6ad
251 1099 474 1177 persequendos
488 1101 600 1175 passim
614 1101 757 1176 fugientis
772 1101 881 1169 mittit,
897 1099 1043 1178 Hispanos
1059 1106 1091 1160 et
1107 1097 1175 1160 Gal·

200 1184 245 1326 lpis
260 1184 376 1260 equites
387 1183 468 1244 diris
482 1185 541 1244 iam
555 1202 648 1263 prope
658 1185 748 1244 fessis
761 1181 851 1244 caede
863 1185 957 1260 magis
969 1202 1060 1262 quam
1071 1201 1176 1263 pugna

201 1268 348 1342 aiungit.
1074 1286 1077 1287 ⁷

173 1351 187 1398 1
260 1351 363 1412 XLIX.
391 1351 480 1412 Parte
495 1353 588 1413 altera
602 1370 719 1431 pugnae
734 1353 858 1422 Paulus,
879 1371 1060 1432 quamquam
1075 1353 1175 1430 primo

169 1435 301 1497 2statim
321 1435 436 1514 proelio
456 1437 547 1497 lunda
569 1439 699 1514 graviter
719 1439 797 1498 ictus
816 1438 931 1508 luerat,
954 1444 1055 1496 tamen
1078 1444 1110 1496 et
1125 1455 1173 1497 oc·

200 1521 296 1596 currit
310 1538 399 1598 saepe
415 1539 483 1582 cum
498 1522 642 1582 confertis
657 1521 815 1582 Hannibali
832 1530 862 1581 et
871 1521 984 1600 aliquot
999 1521 1074 1581 locis
1085 1539 1172 1599 proe-

199 1603 272 1664 lium
287 1607 430 1674 restituit,
447 1599 673 1683 protegentibus
688 1623 756 1664 eum
767 1605 917 1684 equilibus
928 1605 1071 1666 Romanis
1082 1607 1173 1664 omis-

200 1691 242 1747 sis
256 1694 407 1765 postremo
422 1691 516 1767 equis,
534 1691 603 1766 quia
619 1689 771 1749 consulem
786 1697 816 1748 et
831 1690 868 1750 ad
882 1689 1047 1767 regendum
1064 1707 1172 1768 equom

169 1773 279 1831 3vires
294 1770 481 1833 deficiebant.
518 1779 581 1832 lum
604 1771 791 1834 denuntianti
813 1774 931 1843 cuidam
953 1775 1079 1834 iussisse
1101 1791 1171 1832 con·

200 1855 295 1914 sulem
316 1853 353 1916 ad
375 1855 467 1934 pedes
481 1856 663 1918 descendere
685 1859 816 1936 equites,
840 1858 950 1918 dixisse
972 1857 1172 1918 Hannibalem

170 1940 301 1999 4lerunt
323 1957 438 2016 „quam
461 1940 593 2010 mallem,
617 1943 730 2001 vinctos
751 1942 825 2001 mihi
840 1943 1005 2003 traderet.“
1035 1944 1173 2019 equitnm

199 2023 338 2102 pedestre
354 2024 514 2102 proelium,
530 2025 617 2104 quale
628 2028 688 2085 iam
698 2024 777 2086 haud
793 2025 883 2086 dubia
894 2026 1022 2087 hostiurn
1035 2028 1170 2092 victoria,

199 2109 270 2175 luit,
286 2125 354 2166 oum
368 2111 438 2168 victi
454 2109 531 2169 mori
546 2113 577 2169 in
593 2110 718 2186 vestigio
733 2110 854 2170 mallent
867 2129 955 2190 quam
972 2111 1092 2186 lugere,
1110 2112 1171 2169 ric·
1247 2149 1248 2178 ,

199 2198 280 2250 tores
295 2191 481 2252 morantibus
494 2197 650 2254 victoriam
665 2196 735 2254 irati
750 2195 952 2264 trucidarent,
968 2212 1043 2275 quos
1058 2193 1171 2280 pellere
1247 2215 1248 2222 ¹

168 2276 257 2334 bnon
278 2281 424 2354 poterant.
462 2278 642 2356 pepulerunt
666 2285 765 2338 tamen
787 2280 847 2338 iam
868 2297 978 2358 paucos
1000 2281 1174 2356 superantis
1247 2299 1248 2334 1

200 2367 229 2419 et
244 2357 345 2418 labore
360 2378 395 2419 ao
409 2361 585 2422 vulneribus
599 2362 706 2422 fessos.
735 2362 806 2423 inde
822 2362 958 2443 dissipati
973 2379 1077 2423 omnes
1092 2369 1171 2431 sunt,

167 2445 187 2492 e
199 2460 350 2522 equosque
363 2443 399 2503 ad
411 2445 512 2521 lugam
524 2449 576 2525 qni
588 2452 727 2524 poterant
740 2446 930 2526 repetebant.
961 2447 1013 2508 Cn.
1026 2446 1172 2508 Lentulus

198 2525 338 2587 tribunus
364 2527 493 2588 militnm
516 2547 584 2590 oum
606 2530 839 2608 praetervehens
861 2549 938 2611 equo
964 2531 1118 2592 sedentem
1141 2533 1172 2591 in

170 2613 391 2694 'lsaxopruore
407 2612 558 2691 oppletum
574 2615 724 2675 consulem
746 2614 880 2686 vidisset,
902 2615 956 2686 „L.
972 2615 1077 2676 Aemili
1085 2623 1104 2647 “
1126 2619 1171 2676 in-

199 2693 276 2771 quit,
300 2713 417 2774 „quem
437 2715 530 2758 unum
544 2699 693 2759 insontem
714 2699 818 2778 culpae
835 2700 928 2760 cladis
942 2698 1106 2760 hodiernae
1122 2701 1171 2759 dei
1247 2677 1248 2746 l

196 2779 351 2854 respicere
363 2779 482 2851 debent,
495 2800 566 2860 cape
579 2782 659 2843 hunc
671 2784 793 2862 equum!
806 2783 877 2844 dum
888 2791 918 2844 ct
929 2783 985 2844 tibi
996 2785 1108 2844 virium
1118 2785 1170 2844 ali-

198 2859 427 2938 quidsnperest,·
442 2873 470 2922 et
481 2882 581 2925 comes
592 2883 648 2942 ego
659 2875 690 2927 te
706 2866 810 2928 tollore
821 2885 943 2947 possum
954 2884 988 2928 ac
998 2875 1170 2947 protegere.
1247 2879 1248 2914 l

168 2949 236 3003 8ne
251 2944 401 3004 funestam
421 2945 497 3006 hanc
518 2965 648 3025 pugnam
663 2957 760 3011 morte
783 2953 914 3013 consulis
932 2952 1058 3014 iecoris:
1082 2955 1169 3012 etiam

167 3031 263 3090 asine
283 3029 340 3089 hoc
359 3029 550 3092 lacrimarum
566 3035 637 3094 satis
651 3034 807 3114 luctusque
822 3043 901 3097 est.“
938 3037 976 3097 nd
998 3055 1033 3097 ca
1050 3037 1169 3098 consnl:

199 3119 260 3183 „tu
281 3115 416 3192 qiddem.
440 3115 492 3178 Cn.
512 3116 646 3188 Corneli,
670 3123 767 3180 macte
789 3122 899 3181 virtute
922 3127 1000 3192 esto;
1024 3120 1168 3199 sedeave

199 3199 310 3259 frustra
321 3201 491 3261 miserando
501 3204 641 3279 exiguum
654 3211 772 3282 tempus
783 3221 799 3263 e
811 3204 950 3266 manibus
961 3205 1092 3266 hostium
1104 3223 1168 3266 eva·

156 3285 191 3332 10
201 3280 290 3341 dendi
306 3280 453 3344 absumas.
484 3285 548 3355 abi,
571 3289 676 3348 nuntia
691 3287 810 3365 publice
826 3287 972 3367 patribus,
988 3288 1095 3350 urbem
1111 3289 1167 3350 Ro-

199 3379 316 3422 manam
326 3369 462 3427 muniant
476 3387 521 3445 ao,
538 3373 713 3448 priusquam
726 3373 819 3432 hostis
828 3373 924 3431 victor
938 3374 1066 3442 advenit,
1082 3392 1166 3451 prae-

199 3442 286 3501 sidiis
301 3447 430 3519 firment,
446 3453 588 3526 privatim
602 3452 637 3521 Q.
650 3453 754 3522 Fabio,
770 3455 927 3517 Aemilium
938 3463 1168 3537 praeceptorum
