2532 3938
439 517 589 614 ΤΙΤΙ
622 516 778 612 LIVI

235 738 244 751 ,
319 686 371 747 tn
402 685 515 748 unnn
544 682 742 747 cunutus
770 681 901 745 ntnnt.

536 871 685 880 ...---.--.

417 999 600 1064 truttmunt
621 999 721 1060 LIBRI
741 1001 799 1062 Vll.

201 1121 255 1170 Duo
268 1120 327 1170 novi
339 1107 500 1182 magistratio
513 1117 603 1166 adiecti
616 1124 683 1175 sunt,
696 1125 814 1181 praetura
827 1127 850 1170 et
862 1120 955 1172 curulis
967 1118 1091 1170 aedilitas.

133 1188 276 1256 pestilentia
293 1187 380 1236 eivltas
399 1187 533 1243 laboravit,
551 1197 658 1245 eamque
673 1183 798 1248 insignem
817 1185 876 1237 lecit
892 1203 960 1238 mors
973 1187 1031 1236 Furi
1044 1185 1090 1236 Oa·

133 1255 203 1305 milli.
221 1255 293 1304 cuius
304 1253 442 1302 remedium
455 1259 479 1299 et
492 1251 548 1300 linis
560 1265 617 1298 cum
630 1264 674 1313 per
687 1264 765 1300 novas
774 1251 911 1316 religiones
924 1259 1090 1315 quaereretur,

132 1323 186 1371 ludi
199 1321 309 1371 scaenici
321 1328 382 1369 tuno
394 1320 502 1382 primum
515 1316 573 1364 lacti
587 1323 654 1364 sunt.
684 1330 743 1364 cum
756 1318 811 1366 dies
823 1319 852 1367 L.
865 1319 958 1370 Manlio
971 1321 1037 1368 dicta
1049 1334 1090 1369 es.

132 1399 173 1439 set
184 1403 199 1436 a
212 1387 245 1436 tt.
258 1385 398 1448 Pomponio
415 1385 515 1432 tribuno
527 1382 609 1447 plebis
621 1390 725 1446 propter
737 1383 854 1433 dilectum
872 1387 961 1434 acerbe
973 1395 1056 1434 sctum
1068 1395 1091 1434 et

132 1457 161 1504 T.
175 1454 297 1503 Manlium
310 1453 389 1500 illium
402 1465 445 1500 rus
458 1451 595 1513 relegatum
609 1449 664 1496 sine
675 1449 727 1498 ullo
740 1451 853 1512 crimine,
866 1452 1015 1501 adulescens
1026 1453 1092 1516 ipse,

132 1523 204 1572 cuins
216 1520 337 1584 relegatio
350 1519 414 1583 putri
427 1517 591 1576 obiciebatur,
606 1516 713 1566 venitin
725 1518 868 1580 cubiculum
881 1519 981 1580 tribuni,
992 1519 1091 1568 stricto·

133 1604 183 1652 que
195 1589 279 1652 gladio
293 1587 375 1650 coegit
387 1600 442 1634 eum
457 1586 482 1634 in
496 1585 572 1634 verba
584 1598 632 1633 sua
648 1584 745 1648 iorara,
762 1600 790 1634 aa
808 1600 856 1635 non
874 1596 1091 1652 perseveraturum

133 1657 159 1706 in
171 1656 341 1706 accusatione.
367 1667 422 1702 cum
435 1651 532 1701 telluris
545 1650 614 1701 hiatu
627 1659 679 1700 tota
691 1652 723 1701 ad
736 1652 851 1704 ultimum
863 1653 947 1703 territa
960 1653 1040 1719 patria
1051 1651 1091 1702 lo·

133 1731 184 1785 ret,
201 1731 261 1772 tunc
280 1721 363 1771 omnia
379 1722 489 1785 pretiosa
502 1719 581 1768 missa
598 1726 659 1768 suut
669 1720 695 1767 in
713 1720 851 1784 praealtam
863 1721 1008 1785 voraginem
1021 1720 1090 1770 urbis

133 1791 271 1840 Romanae.
301 1790 326 1838 in
345 1802 399 1836 eam
418 1786 517 1837 Curtius
535 1795 646 1834 armatus
663 1787 756 1836 sedens
774 1803 838 1850 equo
854 1789 1040 1854 praecipitavit,
1057 1786 1091 1836 ita

134 1858 245 1922 expleta.
275 1857 303 1906 T.
317 1855 426 1904 Manlius
440 1854 603 1910 adulescens,
617 1853 660 1914 qui
672 1861 796 1918 patrema
813 1856 946 1904 tribunicia
958 1855 1093 1904 vexatione

133 1925 318 1985 vindicaverat,
337 1930 424 1971 contra
437 1920 534 1970 Gallum
547 1933 656 1984 provoca
677 1927 726 1969 tem
743 1921 852 1982 aliquem
866 1937 897 1972 ex
909 1922 1028 1970 militibus
1041 1921 1091 1971 lio·

133 1993 215 2042 manis
234 1993 259 2040 in
278 1989 407 2054 singulare
423 1998 548 2037 certamen
568 1987 711 2049 descendit,
731 1988 804 2050 eique
820 1989 903 2038 occiso
920 1999 1033 2049 torquem
1046 2002 1091 2036 au·

133 2073 204 2108 reum
219 2058 341 2116 detraxit,
356 2069 430 2117 quem
448 2057 504 2122 ipse
520 2061 609 2119 postea
627 2053 684 2101 tulit
701 2064 769 2104 etex
782 2057 964 2118 eoTorquatus
977 2064 1093 2104 estnun·

134 2135 251 2191 capatus.
281 2125 346 2173 duae
358 2124 438 2170 tribus
451 2123 559 2180 additae,
573 2120 706 2184 Pomptina
718 2131 743 2169 et
755 2122 870 2171 Publilia.
897 2122 1009 2172 Licinius
1023 2121 1093 2172 Stolo

134 2193 190 2258 lege
203 2193 235 2242 ab
248 2195 305 2255 ipso
318 2190 368 2238 lata
381 2190 515 2237 damnatus
529 2195 575 2246 est,
590 2187 659 2247 quod
671 2187 729 2248 plus
742 2189 886 2252 quingentis
898 2189 1028 2251 iugeribus
1040 2189 1094 2252 agri

134 2260 286 2323 possideret.
316 2256 350 2304 M.
363 2254 479 2303 Valerius
498 2253 613 2300 tribunus
630 2251 736 2300 militum
750 2253 859 2311 Gallum,
876 2269 890 2302 a
908 2269 958 2323 qno
971 2268 1092 2318 provoca-

133 2335 175 2375 tus
188 2334 255 2382 erat,
267 2322 395 2370 insidente
407 2318 497 2383 galeae
509 2329 585 2366 corvo
598 2325 622 2365 et
635 2319 762 2382 unguibus
775 2328 905 2384 rostroque
917 2319 1015 2368 hostem
1027 2320 1093 2370 inle-

133 2400 232 2454 stante‚
251 2388 342 2438 occidit
360 2395 433 2436 etex
452 2399 481 2434 eo
495 2383 568 2433 Corvi
586 2397 676 2433 nomen
694 2386 803 2449 aceepit,
822 2387 960 2448 consulque
978 2389 1093 2451 proximo

134 2473 213 2521 auno,
225 2469 282 2505 eum
295 2468 375 2503 annos
388 2453 478 2517 viginti
491 2459 541 2500 mes
553 2450 664 2514 haberet,
677 2453 710 2502 ob
722 2453 840 2502 virtutem
852 2462 949 2503 creatus
962 2462 1008 2504 est.
1029 2454 1093 2504 ami-

135 2525 194 2576 citia
207 2538 264 2573 cum
278 2521 519 2587 Carthaginensibus
532 2520 617 2567 iuncta
630 2527 676 2568 est.
707 2519 828 2584 Campani
840 2535 897 2569 cum
910 2535 925 2569 a
938 2520 1094 2571 Samnitibus

135 2591 202 2642 bello
214 2597 377 2654 urgerentur,
395 2587 490 2637 auxilio
502 2586 624 2636 adversus
638 2601 681 2636 eos
698 2601 714 2636 a
731 2597 819 2637 senatu
836 2588 923 2652 petito,
936 2602 992 2636 cum
1005 2588 1031 2635 id
1044 2601 1094 2636 nou

134 2661 301 2725 inpetrarcut,
319 2657 406 2706 urbem
424 2664 449 2704 et
465 2666 541 2718 agros
558 2655 652 2718 populo
665 2655 777 2704 Romano
795 2655 956 2714 dedideruut3
975 2654 1007 2702 ob
1020 2666 1094 2716 quam

134 2742 237 2777 eausam
250 2741 288 2788 ea,
300 2739 365 2789 quae
377 2722 464 2790 populi
477 2721 583 2770 Romani
596 2721 660 2770 iacta
674 2731 767 2784 essent,
780 2722 883 2772 delendi
894 2722 960 2771 bello
971 2721 1096 2778 adversus

135 2795 262 2845 Samnites
275 2794 377 2859 placuit.
400 2805 455 2839 cum
468 2789 500 2838 ab
513 2788 579 2838 Aulo
593 2788 707 2839 Cornelio
719 2790 823 2840 consule
835 2789 960 2840 exercitus
973 2789 997 2838 in
1011 2788 1093 2838 locum

135 2862 250 2925 iniquum
263 2861 387 2911 deductus
399 2859 425 2908 in
437 2869 529 2920 magno
542 2855 688 2906 discrimine
703 2868 780 2917 esset,
793 2858 821 2908 P.
834 2857 892 2907 Deci
906 2857 986 2906 Muris
999 2857 1093 2906 tribuni

135 2929 242 2978 militum
255 2942 331 2994 opera
344 2933 459 2976 servatus
472 2933 522 2982 est,
542 2924 583 2986 qui
602 2935 723 2990 occupato
741 2925 804 2974 colle
817 2940 893 2990 super
906 2925 932 2974 id
948 2925 1049 2988 iugum,
1063 2924 1093 2978 ¹ln

137 3008 186 3056 quo
200 2995 327 3044 Samnites
341 2993 522 3055 consederant,
536 2993 694 3042 occasionem
706 2993 804 3042 consuli
816 2993 842 3041 in
854 2992 999 3053 aequiorem
1011 2991 1093 3040 locum

137 3061 262 3109 evadendi
280 3061 361 3121 dedit3
384 3061 439 3124 ipse
451 3060 483 3107 sb
496 3057 611 3109 hostibus
623 3061 805 3110 circumsessus
818 3060 908 3124 erupit.
932 3073 990 3106 cum
1004 3055 1094 3106 milites

135 3127 255 3185 Romani,
273 3127 318 3189 qui
330 3126 431 3191 Capuae
442 3126 467 3174 in
482 3125 608 3190 pracsidio
626 3128 707 3176 relicti
719 3133 804 3187 erant,
819 3129 851 3176 tle
868 3124 1015 3190 occupanda
1033 3124 1095 3172 urbe

94 3197 97 3203 '
137 3195 338 3260 conspirassent,
356 3202 380 3240 et
397 3191 494 3241 detecto
506 3192 612 3242 consilio
629 3201 698 3244 metu
716 3193 825 3258 supplici
841 3206 857 3241 a
873 3191 968 3257 populo
980 3192 1094 3240 Romano

136 3261 297 3322 deiecissent,
311 3273 357 3324 per
369 3258 402 3311 M.
414 3259 542 3308 Valerium
560 3259 668 3310 Corvum
687 3260 846 3318 dictatorem,
863 3260 907 3322 qui
924 3259 1030 3307 consilio
1047 3273 1093 3308 suo

137 3344 180 3379 eos
198 3349 204 3373 ι
220 3329 304 3379 lurore
315 3335 484 3385 revocaverat,
496 3326 592 3390 patriae
604 3327 712 3377 restituti
723 3334 792 3376 sunt.
815 3342 855 3375 rea
867 3332 997 3391 praeterea
1009 3334 1093 3374 contra

136 3396 257 3448 Hernicos
279 3403 304 3444 et
321 3393 404 3445 Gallos
425 3402 449 3442 et
465 3393 580 3444 Tiburtes
602 3403 626 3444 et
642 3395 800 3444 Privernates
817 3401 841 3442 et
857 3393 1053 3455 Tarquinienses
1070 3403 1095 3441 st

136 3461 261 3527 Samnites
274 3470 298 3512 et
310 3461 419 3510 Volscos
430 3473 551 3526 prospere
562 3468 650 3524 gestas
661 3461 782 3512 continet.

178 3560 204 3596 n.
218 3561 277 3596 n1v1
292 3560 360 3598 nsua
374 3559 406 3593 11.
873 3534 889 3592 1
