2546 3936
264 173 367 255 33333
365 212 441 255 vm
458 211 527 256 333.
543 199 586 255 11.
602 199 646 254 12.
663 188 704 273 [a.
720 193 757 255 0.
771 199 831 254 340.
845 190 907 274 339]
1023 197 1099 258 61

95 375 224 454 eumque
247 368 306 422 est:
330 359 404 420 adeo
424 361 504 419 enim
524 359 637 420 3333333
656 377 705 421 333
723 327 803 429 3333,
825 367 859 420 ut
873 359 1028 420 3333333·
1002 377 1062 420 333·Ι
1048 366 1107 417 ·12
1191 417 1194 423 ,

94 458 199 510 torem
220 445 381 506 exercitum
403 442 438 502 ad
461 440 681 522 depopulandos
708 461 796 522 33333
820 461 922 504 eorum
945 444 1065 504 ducenti

93 532 246 594 dederent
264 547 297 588 33
319 544 423 588 omnes
441 525 549 596 Latini,
573 525 812 655 deditionemque
833 545 899 588 cam
923 527 1064 606 Campani

94 635 133 678 se
177 620 309 676 crentur.

135 634 309 759 quintium
296 695 451 774 Capuaque
472 711 544 778 3333
565 691 689 755 multati.
720 649 841 756 Latinus
862 713 932 782 3333
946 695 1062 765 Ρ33333·
1073 701 1108 752 19

94 784 164 844 nati
180 781 279 841 addito
297 797 368 857 3333
386 787 416 838 33
433 773 591 848 Falernus,
612 779 663 857 qui
684 777 786 858 popuii
801 776 942 865 Campani
957 779 1063 850 iuerat,

94 883 196 946 usque
210 864 247 924 ad
258 861 433 934 Vulturnum
444 861 555 922 ilumen
567 859 647 940 plebi
657 861 807 923 iiomanae
822 858 975 931 dividitur:
991 862 1108 924 333314

39 957 41 960 ’
94 949 264 1013 mLetrno
255 965 366 1026 lugere
378 948 418 1005 ita
429 952 461 1005 ut
472 945 646 1006 dodrantem
659 963 695 1006 ex
705 945 869 1006 Privernati
880 945 1063 1026 conplorent,

95 1035 185 1103 deta,
201 1032 309 1093 33333·
300 1048 331 1090 m
346 1028 472 1090 Falerno
487 1029 700 1109 quadrantibus
717 1033 805 1090 etiarn
821 1049 876 1110 pro
897 1029 1064 1110 longinqui·

95 1126 161 1180 tate
182 1116 312 1178 adiectis.
349 1121 432 1174 extra
451 1131 580 1193 poenam
602 1113 685 1174 iuere
706 1114 878 1176 Latinorum
900 1114 1064 1176 Laurentes
1073 1119 1106 1171 15

96 1203 379 1280 Campanorumque
391 1199 522 1275 equites,
538 1199 607 1276 quia
619 1215 678 1258 333
690 1197 883 1258 desciverant.
910 1207 977 1259 cum
989 1198 1065 1258 Lau·
1133 1266 1136 1272 ,

98 1284 238 1346 rentibus
252 1281 390 1343 renovari
404 1281 507 1342 foedus
522 1283 649 1351 iussum;
665 1291 883 1360 renovaturque
895 1300 932 1342 ex
943 1301 978 1343 33
992 1300 1064 1360 quo-

44 1380 48 1384 ·
98 1370 202 1444 333333
221 1373 288 1446 post
308 1366 387 1426 diem
404 1365 550 1426 decimum
567 1365 747 1426 Latinarum.
777 1365 924 1445 equitibus
940 1366 1062 1444 Campa·
1075 1371 1108 1422 33

100 1456 151 1514 333
166 1453 271 1512 3333333-
282 1450 413 1510 Romana
431 1449 511 1520 data,
533 1457 785 1527 monumentoque
799 1457 832 1511 ut
847 1457 927 1509 esset
941 1466 1065 1510 aeneam

100 1534 235 1598 tabulam
249 1536 281 1595 in
297 1533 370 1594 aede
386 1534 515 1595 Castoris
524 1533 635 1594 Romae
650 1534 786 1594 fixerunt.
813 1532 936 1610 vectigal
948 1550 1065 1612 quoquc

100 1623 148 1682 eis
163 1618 327 1697 Campanus
345 1617 471 1697 populus
485 1621 581 1678 iussus
595 1617 727 1696 pendere
747 1621 779 1679 in
793 1618 925 1697 singulos
940 1623 1064 1696 quotan-

100 1706 209 1764 nis-
166 1704 307 1762 -fuere
323 1710 421 1763 autem
434 1701 515 1763 mille
530 1709 560 1763 33
575 1704 711 1762 sescenti
717 1737 760 1748 -
775 1703 913 1763 denarios
928 1719 1066 1762 nummos
1184 1757 1185 1760 ,

99 1787 564 1884 quadringenosquiqquagenos.
590 1785 652 1847 xii.
667 1784 802 1848 ltabeiio
815 1795 913 1865 33333,
926 1787 1092 1865 praemiisl

100 1889 257 1952 poenaque
277 1888 333 1950 pro
354 1872 495 1949 cuiusque
515 1871 623 1930 merito
643 1871 849 1948 persolutisT.
864 1869 990 1932 33333333
1005 1869 1065 1930 iio-
1105 1874 1109 1880 '
1164 1940 1168 1947 ⁵

101 1973 183 2016 mern
197 1954 294 2016 rediit.
325 1956 373 2014 eui
393 1955 523 2014 venienti
544 1955 678 2014 seniores
700 1962 821 2018 tantum
832 1952 948 2014 obviem
970 1954 1066 2014 exisse
1094 1963 1096 1967 ‘

100 2045 233 2110 constat,
248 2041 428 2099 iuventutem
443 2045 558 2098 333333
572 2044 603 2098 33
615 2039 697 2098 omni
708 2040 767 2099 vita
781 2038 889 2102 deinde
903 2044 1066 2099 aversatam

100 2130 418 2200 eumexecratamque.
478 2131 480 2136 '

188 2207 342 2267 33333333·
334 2224 365 2265 33
381 2223 485 2283 agrum
501 2205 667 2270 Ostiensem
681 2205 837 2267 Ardeatem
850 2204 1004 2270 Solonium
1019 2206 1093 2263 333
1177 2259 1180 2265 ,
1263 2258 1264 2266 ,

105 2292 259 2352 cursiones
278 2289 422 2350 iecerunt.
456 2287 581 2349 Manlius
601 2288 718 2360 333333,
740 2290 808 2368 quia
828 2290 891 2366 ipse
911 2307 966 2366 per
988 2286 1067 2348 vaie-

104 2374 238 2435 tudinem
253 2371 285 2432 id
302 2371 413 2446 bellum
430 2375 536 2453 exequi
551 2375 719 2452 nequierat,
740 2371 964 2451 dictatoremL
980 2370 1067 2448 Papi·

104 2459 184 2519 rium
201 2457 351 2525 Crassum,
373 2458 424 2536 qui
445 2465 509 2518 tum
529 2457 607 2518 33333
625 2465 689 2518 3333
708 2447 842 2538 preetor,
866 2455 953 2522 dixin
978 2453 1015 2514 ab
1031 2472 1068 2514 eo

104 2543 248 2620 magister
268 2541 451 2619 equitumL.
475 2541 610 2619 Papirius
632 2541 742 2603 Cursor
768 2540 871 2600 dictus.
909 2537 983 2598 nihii
1004 2545 1096 2598 333-3

105 2624 249 2686 morabiie
263 2625 402 2702 adversus
417 2625 549 2684 Antiates
566 2623 602 2684 eb
617 2624 760 2684 dictatore
782 2631 898 2702 gestum
919 2629 978 2691 est,
1000 2638 1068 2682 cum

105 2710 218 2789 aliquot
233 2727 351 2769 menses
369 2710 472 2768 stativa
485 2710 518 2767 in
532 2726 604 2786 3333
617 2694 727 2770 A'ntiati
740 2707 900 2768 habuisset.

167 2791 253 2853 3333
270 2793 511 2870 insignivictoria
527 2791 563 2850 de
577 2798 620 2851 tot
634 2809 669 2852 ac
682 2799 751 2852 tarn
756 2791 925 2890 potentibus
940 2787 1065 2870 populis
1076 2798 1095 2847 4
1117 2788 1119 2792 ’
1183 2866 1185 2870 Ι

106 2841 144 2939 333
155 2877 212 2936 hoc
222 2875 376 2936 consulum
391 2873 511 2935 alterius
524 2873 616 2934 nobili
632 2883 742 2945 333333,
759 2875 880 2936 33333333
891 2875 967 2935 sicut
981 2876 1067 2944 33333,

105 2963 146 3020 333
163 2959 243 3019 33333
260 2959 298 3020 ad
320 2960 494 3018 memoriam
514 2960 657 3038 imperio,
680 2977 850 3044 successere
873 2957 1066 3020 consules'l'i.

106 3042 507 3114 AemiliusMamercinusQ.
523 3041 665 3109 Publilius
677 3043 763 3104 Philo
783 3040 879 3122 neque
896 3045 927 3103 33
942 3040 1096 3101 3333333335
1151 3043 1155 3048 “

107 3127 262 3189 materiem
278 3142 393 3194 rerum,
415 3129 468 3194 33·
460 3128 517 3206 ipsi
538 3134 588 3187 aut
605 3145 724 3187 suarum
747 3144 849 3186 rerum
869 3125 919 3185 au't
939 3125 1068 3202 partium
1129 3184 1131 3188 ,
1153 3185 1154 3188 ,

107 3214 139 3272 in
162 3227 196 3270 re
216 3208 334 3309 publice
354 3212 447 3286 magis
466 3229 554 3290 quam
573 3213 687 3289 patriae
708 3227 864 3269 memores.
893 3208 1013 3267 Latinos
1028 3206 1067 3267 ob
1127 3225 1128 3228 ’

105 3298 183 3357 iram
195 3295 259 3372 agri
274 3292 374 3352 3333333
389 3291 583 3355 rebellantes‘
575 3313 606 3354 m
618 3295 729 3392 campis
741 3293 915 3352 Fenectanis
928 3291 1069 3352 fuderunt

109 3380 272 3458 castrisque
287 3385 456 3438 exuerunt.
471 3371 512 3437 ibi
526 3377 666 3450 Publilio,
682 3379 765 3436 cuius
777 3376 866 3440 ductu
877 3376 1095 3455 auspicioquet

107 3481 157 3524 res
169 3471 270 3540 gestae
283 3466 380 3529 erant,
394 3461 426 3522 in
438 3461 616 3522 deditionem
628 3463 790 3540 accipiente
802 3459 921 3532 Latinos
932 3458 1108 3550 populos,
