2542 3956
193 225 255 288 340
349 237 442 279 smus
455 236 546 279 xxm.
562 235 632 280 osa.
646 223 689 279 20.
706 222 750 284 tl,
766 222 812 276 22.
826 212 866 297 [a.
881 235 912 281 u.
931 236 958 278 c.
973 212 1038 296 539]

194 385 309 467 expleta
330 383 485 446 consulere
511 384 628 446 sibimet
654 385 725 464 ipsis
747 384 780 444 in
805 381 952 463 reliquum
973 399 1034 460 pro
1064 401 1156 462 prae·
1264 405 1265 460 g

161 481 176 529 7
192 472 268 534 senti
284 471 403 531 iortuna
416 470 573 530 iusserunt.
604 469 677 529 baec
694 475 848 548 postquam
863 469 1033 528 renuntiata
1043 465 1155 544 legatio
1264 465 1265 544 ξ

191 554 331 616 Petelinis
351 563 409 624 est,
439 559 537 614 tantus
559 559 683 632 repente
703 569 821 613 maeror
841 567 992 630 pavorque
1013 558 1153 614 senatum

193 657 295 699 eorum
312 639 403 717 cepit,
418 644 452 697 ut
465 655 535 716 pars
548 635 751 716 profugiendi,
770 653 826 716 qua
841 635 964 714 quisque
981 642 1099 714 posset,
1119 653 1153 696 ac
1264 629 1265 712 3

164 727 181 780 8
194 721 374 783 deserendae
388 719 470 782 urhis
483 728 618 782 auctores
633 727 746 789 essent.
768 736 852 797 pars,
874 717 992 798 qumodo
1007 718 1153 780 desertio

193 804 342 867 veteribus
358 806 446 866 sociis
463 797 574 874 essent,
594 801 775 882 adiungendi
794 820 827 864 se
854 804 962 864 ceteris
980 801 1094 864 bruttia
1118 820 1154 865 ac
1264 797 1265 812 ²

164 895 246 968 aper
266 907 317 950 sos
341 887 469 949 dedendi
487 886 651 948 [iannibali.
687 888 757 948 vicit
782 893 880 948 tamen
908 904 942 948 ea
961 903 1046 966 pars,
1075 903 1153 966 quae
1264 883 1265 972 i

193 971 267 1034 nihil
283 974 391 1051 raptim
403 989 458 1032 neo
472 978 585 1032 temere
600 969 747 1049 agendum
762 969 1036 1050 consulendumque
1053 967 1092 1030 de
1106 972 1152 1030 iu·
1264 1023 1265 1044 q

68 1115 71 1119 ,
151 1062 183 1115 10
193 1063 277 1135 tegre
292 1057 416 1117 censuit.
445 1053 536 1115 relata
552 1063 671 1134 postero
687 1054 802 1132 disper
817 1056 963 1115 minorem
978 1053 1152 1132 trepidatio·
1264 1053 1265 1130 Ῑ

191 1156 260 1201 nem
280 1156 315 1199 re
341 1145 502 1198 tenuerunt
523 1139 692 1218 optimates,
720 1147 753 1201 ut
772 1140 919 1200 convectis
945 1137 1086 1200 omnibus
1116 1157 1152 1199 ex
1264 1137 1265 1222 i

191 1223 270 1302 agris
286 1221 392 1283 urbem
407 1239 441 1283 ao
456 1240 557 1282 muros
570 1223 730 1287 mmarent.

164 1313 177 1364 1
250 1305 325 1367 XXI.
354 1297 412 1366 Per
434 1305 512 1368 idem
532 1307 596 1366 iere
617 1314 734 1386 tempus
755 1307 869 1368 litterae
884 1323 922 1366 ex
935 1303 1035 1366 Sicilia
1049 1303 1151 1366 Sardi·

162 1391 297 1472 aniaque
315 1389 438 1452 Romam
455 1389 576 1451 adlatae.
607 1391 722 1470 priores
737 1409 774 1453 ex
789 1389 887 1452 Sicilia
898 1389 933 1451 T.
948 1388 1067 1450 Otacilii
1081 1406 1152 1470 pro-

190 1475 336 1552 praetoris
351 1476 382 1535 in
402 1481 506 1534 senatu
519 1476 660 1535 recitatae
679 1482 762 1537 sunt:
783 1476 816 1536 P.
838 1474 961 1535 Furium
978 1481 1151 1551 praetorem

121 1629 123 1634 ,
191 1576 264 1620 cum
276 1558 369 1620 classe
389 1575 425 1618 ex
445 1559 543 1620 birico
565 1557 736 1638 Lilybaeum
757 1559 886 1628 venisse;
906 1558 1004 1637 ipsum
1020 1558 1153 1636 graviter

191 1643 322 1704 saucium
333 1643 364 1702 in
376 1641 545 1702 discrimine
558 1641 662 1704 ultimo
674 1645 750 1704 ritae
761 1660 841 1712 ssse;
856 1641 941 1706 militi
952 1659 987 1702 ao
997 1639 1153 1702 navalibus

189 1725 277 1786 sociis
294 1742 390 1803 neque
410 1725 588 1802 stipendium
608 1743 704 1806 neque
724 1727 904 1788 frumentum
926 1725 963 1786 ad
984 1725 1063 1786 diem
1086 1725 1152 1786 dari

163 1813 288 1887 tneque
309 1806 388 1867 unde
410 1807 495 1868 detur
524 1825 604 1879 essm
628 1827 809 1890 magnopere
835 1810 974 1881 suadere,
1001 1816 1151 1887 utquam

190 1892 319 1972 primum
334 1909 369 1951 ea
382 1891 549 1963 mittantur,
572 1891 702 1974 sibique,
726 1896 752 1954 si
771 1897 813 1956 ita
833 1893 982 1963 rideatur,
1008 1910 1046 1952 ex
1066 1893 1151 1954 novis

159 1973 375 2056 spraetoribus
386 1992 586 2038 successorem
595 1978 723 2038 mittant.
761 1977 922 2058 eademque
936 1976 1031 2038 ierme
1046 1975 1084 2036 de
1098 1978 1151 2037 sti·

1256 1851 1265 1960 i

188 2059 297 2140 pendio
312 2059 521 2140 immeritoque
538 2059 574 2121 ab
588 2060 622 2123 Α.
635 2059 771 2122 Cornelio
783 2059 941 2123 Mammula
952 2067 1150 2139 propraetore
1264 2107 1265 2138 q

190 2162 226 2203 er
241 2141 376 2204 Sardinia
399 2144 516 2223 scripta.
554 2161 729 2224 responsum
748 2147 868 2225 utrique
886 2163 947 2206 non
962 2161 1043 2214 esse,
1067 2142 1149 2206 unde
1264 2159 1265 2222 ξ

188 2226 369 2296 mitteretur,
387 2227 517 2306 iussique
537 2228 593 2306 ipsi
614 2227 755 2290 classibus
774 2237 862 2310 atque
886 2227 1064 2290 exercitibus
1087 2229 1149 2288 suis
1264 2261 1265 2308 3

158 2310 352 2373 tconsulere.
389 2310 424 2372 Τ.
441 2310 582 2374 Otacilius
603 2310 640 2373 ad
658 2313 777 2373 iunicum
795 2312 957 2374 subsidium
974 2310 1148 2392 populiiio·
1233 2388 1237 2397 .
1264 2325 1265 2370 ι

188 2396 282 2465 mani,
307 2394 481 2467 Hieronem,
508 2394 620 2474 legatos
640 2413 707 2457 eum
729 2397 885 2468 mississet,
911 2399 944 2457 iu
966 2395 1148 2474 stipendium
1264 2381 1265 2462 ἶ

188 2479 290 2557 quami
304 2481 418 2557 argenti
429 2495 504 2558 opus
514 2479 569 2540 iuit
579 2488 609 2541 et
619 2497 671 2541 ser
682 2498 817 2542 mensum
828 2481 1009 2542 frumentum
1022 2480 1147 2558 accepit,

187 2561 324 2623 Cornelio
339 2563 370 2622 in
386 2563 521 2624 Sardinia
535 2564 666 2626 civitates
684 2566 781 2626 sociae
800 2564 929 2644 benigne
946 2562 1145 2625 contulerunt.

159 2649 218 2706 tet
234 2645 345 2707 Romae
371 2665 488 2727 quoque
518 2656 641 2727 propter
671 2649 828 2727 penuriam
853 2649 969 2728 argenti
998 2646 1147 2708 triumviri

186 2732 326 2790 mensarii
340 2731 493 2808 rogatione
503 2731 541 2795 bl.
554 2732 664 2792 Minuci
677 2731 788 2793 tribuni
799 2731 894 2814 plebis
905 2733 987 2802 iacti,
1002 2730 1035 2793 L.
1047 2731 1147 2792 Aemi·

187 2809 243 2870 lius
257 2812 367 2890 Papus,
386 2817 437 2892 qui
448 2815 550 2876 consui
565 2833 729 2896 censorque
744 2817 856 2888 iuerat,
873 2823 903 2876 et
916 2816 954 2878 bl.
967 2813 1072 2876 Atilius
1087 2813 1145 2876 lie·
1264 2837 1265 2870 ι

186 2892 286 2972 gulus,
307 2897 358 2973 qui
376 2894 422 2956 bis
440 2897 543 2958 consul
562 2897 673 2969 iuerat,
699 2907 729 2958 et
744 2900 776 2962 L.
793 2895 965 2962 Scribonius
975 2898 1067 2969 Libo,
1094 2899 1146 2976 qui
1264 2953 1265 2964 ι

159 2985 249 3040 'itum
270 2977 406 3040 tribunus
427 2978 522 3056 plebis
548 2987 620 3042 erat.
662 2987 692 3041 et
718 2982 864 3045 duumviri
888 2984 979 3045 creati
1000 2983 1039 3044 bl.
1060 2989 1092 3042 et
1112 2981 1144 3042 C.

186 3061 265 3123 nulii
279 3062 382 3124 aedem
397 3062 593 3135 Concordiae,
614 3082 702 3144 mam
720 3065 754 3128 L.
769 3067 893 3129 Manius
914 3073 1034 3146 praetor
1058 3083 1145 3126 rove-
1264 3081 1265 3084 ’

185 3153 246 3216 rat,
268 3146 486 3209 dedicaverunt
523 3155 553 3210 et
573 3156 635 3210 tres
648 3151 802 3227 pontifices
817 3153 925 3220 creati,
949 3151 984 3222 0.
999 3147 1146 3212 Caecilius
1264 3185 1265 3230 ι

185 3229 320 3290 Metellus
337 3236 367 3289 et
382 3230 416 3300 Q.
433 3231 542 3292 Fabius
563 3231 707 3294 dioximus
728 3242 758 3294 et
773 3234 807 3305 0.
825 3235 942 3296 Fulvius
957 3232 1094 3302 Flaccus,
1112 3233 1145 3292 iu
1264 3231 1265 3310 q

185 3308 282 3372 iocum
298 3313 330 3372 P.
347 3313 478 3374 Scantini
496 3315 642 3377 demortui
657 3325 687 3377 et
702 3317 734 3378 L.
748 3318 854 3378 Aemili
868 3318 951 3380 Pauli
968 3315 1099 3379 consulis
1114 3321 1146 3376 et
1264 3337 1265 3368 ι

186 3390 221 3460 Q.
236 3393 299 3452 Aeli
316 3394 413 3463 Paeti,
431 3397 480 3474 qui
495 3398 662 3459 ceciderant
679 3417 777 3478 pugna
793 3402 948 3463 Cannensi

159 3475 174 3526 t
248 3471 335 3532 xxii.
373 3476 446 3538 Cum
464 3486 576 3550 cetera,
607 3499 691 3564 quae
705 3485 851 3546 continuis
865 3484 998 3546 cladibus
1022 3483 1144 3546 iortuna
