2546 3936
208 196 271 258 110
428 208 523 251 nmen
537 209 580 250 rx.
597 206 665 250 oar.
683 193 726 251 to.
741 181 782 268 [a.
796 207 828 248 u.
843 206 869 248 c.
884 181 947 267 435]

209 355 313 418 consul
333 354 406 417 alter
421 373 487 416 cum
503 355 675 423 Satricanis,
698 353 749 432 qui
773 353 850 413 cives
866 351 992 414 Romani
1012 361 1079 431 post
1093 352 1171 415 ilau-

209 439 308 501 dinam
325 439 439 500 cladem
453 438 489 499 ad
505 439 650 499 Samnites
672 436 843 497 defecerant
862 437 1102 515 praesidinmque
1117 456 1172 498 eo·

180 528 276 585 trum
290 525 321 584 in
336 522 443 585 urbem
458 529 650 602 acceperant,
666 538 730 580 rem
744 521 844 598 gessit.
870 537 938 581 nam
955 539 1022 581 cum
1034 520 1070 579 ad
1085 539 1171 580 moe·

209 610 259 668 nia
274 608 380 669 Satrici
403 606 537 666 admotus
560 611 638 664 esset
656 605 817 673 exercitus,
839 602 1001 683 legatisque
1017 605 1115 663 missis
1131 603 1172 664 ad

208 709 312 772 pacem
329 709 395 751 curn
410 688 549 768 precibus
563 687 721 767 petendam
739 688 824 748 triste
840 704 1014 766 responsum
1037 686 1074 746 ab
1097 705 1171 748 con-

209 774 272 836 sule
288 775 436 835 redditum
451 781 542 843 esset,
566 773 623 831 nisi
643 771 790 849 praesidio
812 769 988 833 Samnitium
1010 771 1170 831 interiecto

209 865 260 919 aut
275 858 383 919 tradito
399 875 438 917 no
453 856 490 916 ad
505 874 536 916 se
551 861 735 926 remearent,
756 854 822 934 plus
838 873 871 918 ea
886 873 957 915 voce
972 871 1059 935 quam
1077 855 1170 914 armis

182 940 308 1002 tinlatis
323 940 447 1001 terroris
461 938 574 999 colonis
590 939 740 1000 iniectum.
774 940 873 1015 itaque
892 938 1017 999 subinde
1040 956 1170 998 execun-

208 1032 258 1085 tur
271 1023 472 1103 quaercndoa
494 1021 615 1083 consule
634 1020 736 1100 legati,
760 1040 887 1101 quonam
902 1040 934 1082 se
954 1029 1039 1101 pacto
1057 1039 1170 1100 paucos

210 1115 241 1168 et
256 1108 390 1167 infirmos
408 1106 544 1168 crederet
564 1106 711 1185 praesidio
733 1113 794 1168 tam
814 1105 910 1166 valido
933 1112 962 1166 et
978 1113 1092 1165 armato
1109 1107 1170 1166 rim

210 1188 369 1251 adlaturos.
400 1189 437 1251 ab
452 1190 545 1250 isdem
557 1189 712 1250 consilium
727 1197 829 1268 petere
839 1191 927 1262 iussi,
945 1188 1052 1268 quibus
1067 1197 1169 1249 aucto·
1256 1261 1257 1268 ἵ

182 1273 293 1336 tribus
307 1274 485 1354 praesidium
500 1275 531 1333 in
546 1273 651 1336 urbem
663 1274 859 1352 accepissent,
878 1272 1048 1341 discedunt,
1065 1272 1173 1350 aegre-⁴
1256 1313 1257 1360 p

210 1376 268 1438 que
281 1359 452 1437 impetrato,
475 1366 509 1420 ut
527 1357 563 1418 de
579 1376 613 1417 ea
634 1375 669 1417 re
684 1356 799 1418 consuli
812 1372 947 1417 senatum
967 1373 1169 1436 responsaque
1256 1371 1257 1404 ³

183 1439 247 1502 tad
261 1459 293 1502 ae
310 1441 417 1502 referri
432 1443 556 1511 sineret,
571 1440 609 1501 ad
621 1458 691 1501 suos
706 1440 842 1502 redeunt.
873 1439 948 1502 duae
962 1439 1105 1501 factiones
1121 1458 1169 1500 ee·

209 1533 310 1586 natum
326 1525 518 1593 distinebant,
535 1543 608 1594 una,
625 1525 708 1584 cuius
721 1525 872 1603 principes
889 1531 974 1585 erant
994 1524 1170 1584 deiectionis

210 1605 351 1686 apopulo
365 1608 498 1668 Romano
516 1615 665 1677 auctores,
687 1606 929 1669 alteralideiium
954 1609 1069 1668 civium.
1102 1625 1168 1668 cer-

209 1697 301 1750 tatum
315 1689 351 1750 ab
366 1692 498 1770 utrisque
512 1698 611 1752 tamen
626 1696 683 1762 est,
698 1697 735 1751 ut
748 1691 784 1751 ad
799 1690 1047 1752 reconciliandam
1062 1709 1169 1771 pacem

181 1774 322 1834 tconsuli
340 1791 431 1853 opera
458 1781 624 1835 nararetur.
664 1792 733 1852 pars
759 1773 863 1845 altera,
890 1792 957 1835 curn
986 1775 1169 1853 praesidinm

211 1857 400 1928 Samnitium,
417 1858 483 1937 quia
494 1857 568 1918 nihil
582 1858 652 1918 satis
665 1861 834 1938 praeparati
851 1866 915 1919 erat
929 1858 965 1919 ad
982 1858 1168 1920 ohsidionem

208 1940 408 2012 tolerandam,
431 1960 618 2003 excessurum
640 1943 774 2021 proxima
796 1949 883 2003 nocte
903 1953 993 2014 esset,
1012 1944 1169 2004 enuntiare

209 2025 323 2086 consuli
335 2027 404 2086 satis
415 2025 533 2095 hahuit,
550 2043 606 2106 qua
619 2025 797 2086 noctishora
809 2043 924 2106 quaque
938 2035 1023 2105 porta
1038 2036 1067 2087 et
1079 2043 1168 2105 quam

179 2109 239 2169 sin
249 2109 325 2170 viam
339 2127 511 2187 egressurus
525 2109 619 2170 hostis
633 2109 725 2178 ioret;
747 2108 853 2181 altera,
875 2110 983 2189 quibus
997 2112 1095 2170 invitis
1115 2109 1167 2169 dc·

208 2192 314 2252 scitum
332 2192 369 2252 ad
382 2193 528 2254 Samnites
544 2200 622 2262 erat,
642 2192 746 2253 eadem
760 2200 846 2254 nocte
861 2203 977 2272 portam
995 2196 1082 2254 etiarn
1095 2210 1167 2254 con·

207 2274 265 2336 suli
277 2283 456 2355 aperuerunt
468 2285 654 2356 armatosque
668 2275 743 2338 clam
756 2274 873 2360 [nocte]
885 2279 917 2338 in
928 2277 1033 2338 urbem
1045 2295 1166 2356 accepe-

179 2366 286 2420 arunt.
316 2363 357 2421 ita
373 2359 483 2439 duplici
501 2360 667 2440 proditione
683 2368 713 2420 et
732 2360 911 2438 praesidium
929 2361 1104 2422 Samnitium
1119 2361 1166 2420 in-

207 2443 296 2503 sessis
314 2446 392 2505 circa
407 2446 483 2503 viam
507 2443 689 2506 silvestribus
707 2442 780 2504 locis
799 2445 974 2523 necopinato
992 2461 1168 2524 oppressum
1255 2453 1256 2470 ²

208 2534 266 2597 est,
282 2534 312 2588 et
330 2527 365 2589 ah
382 2527 455 2587 urbe
469 2527 557 2606 plena
572 2527 701 2588 hostium
713 2526 825 2588 clamor
839 2527 984 2598 sublatum
1001 2537 1167 2588 momento-
1255 2557 1256 2562 ¹

207 2627 264 2687 que
288 2613 376 2672 unius
399 2610 491 2671 horae
512 2629 615 2671 caesus
643 2611 772 2682 Samnis,
799 2612 967 2672 Satricanus
992 2621 1109 2690 captus,
1137 2617 1168 2670 et
1255 2667 1256 2682 ,

165 2697 199 2749 10
209 2695 307 2755 omnia
322 2696 352 2754 in
369 2702 514 2773 potestate
529 2693 657 2756 consulis
680 2701 773 2755 erant.
806 2697 857 2774 qui
871 2696 1041 2774 quaestione
1056 2692 1166 2763 hahita,

207 2794 332 2855 quorum
349 2795 439 2856 opera
455 2778 581 2838 deiectio
605 2783 682 2837 esset
698 2777 790 2847 sacta,
816 2796 890 2856 quos
910 2787 1010 2840 sontes
1027 2779 1168 2856 'conperit

206 2859 297 2936 virgis
309 2878 409 2919 caesos
421 2863 518 2921 securi
530 2861 689 2937 percussit,
705 2860 912 2940 praesidioque
927 2861 1022 2922 valido
1038 2863 1167 2940 inposito

164 2948 196 3002 11
210 2959 291 3002 arma
308 2942 467 3003 Satricanis
488 2944 606 3004 ademit.
648 2943 717 3003 inde
741 2944 777 3003 ad
800 2945 982 3024 triumphum
1003 2945 1166 3006 decessisse

206 3027 330 3087 Romam
345 3026 493 3105 Papirium
511 3027 668 3088 Cursorem
694 3027 840 3098 scribunt,
862 3030 912 3108 qui
933 3047 967 3088 eo
983 3029 1056 3088 duce
1072 3029 1166 3088 Luce·
1254 3079 1255 3090 ,

206 3112 281 3172 riam
300 3119 450 3189 receptam
470 3111 674 3190 Samnitesque
700 3111 755 3173 sub
776 3113 879 3191 iugum
903 3113 1009 3173 missos
1029 3120 1166 3172 auctores

165 3203 197 3255 12
208 3203 285 3256 sunt.
316 3202 345 3254 et
363 3194 418 3255 init
436 3197 480 3256 vir
500 3195 578 3256 haud
602 3194 690 3256 dubie
711 3195 817 3274 dignm
837 3198 918 3256 omni
941 3194 1046 3255 heilica
1067 3194 1164 3264 laude,

206 3293 266 3338 non
284 3280 374 3339 animi
395 3279 490 3340 solum
510 3281 625 3358 vigore,
650 3279 702 3339 sed
723 3281 810 3340 etiam
827 3280 961 3357 'corporis
986 3278 1096 3338 viribus
1114 3296 1165 3339 ex·

164 3360 327 3421 lecellens.
358 3365 516 3441 praecipua
531 3363 638 3440 pedum
657 3364 816 3440 pernicitas
836 3364 946 3431 inerat,
968 3380 1042 3441 quae
1055 3379 1166 3439 cogno·

206 3461 277 3504 men
291 3446 379 3504 etiam
394 3445 488 3514 dedit;
502 3447 703 3526 victoremque
719 3464 807 3508 cursu
828 3449 959 3507 omnium
977 3447 1078 3505 aetatis
1094 3462 1167 3506 suae
