2532 3938
107 169 109 173 ’
152 173 195 237 26
340 189 582 234 meramnum.
599 177 644 232 25.
660 168 759 252 26.[c.
775 192 847 234 mc.
864 169 926 252 405]

155 357 278 417 sumque
303 337 381 398 haud
402 339 571 418 ambiguum
596 338 819 420 imperantibus·
837 338 944 399 milites
969 336 1109 398 llomauls

156 421 270 494 datum,
286 421 461 484 absisterent
475 425 621 502 imperare
636 426 686 492 iis,
709 440 833 502 quorum
849 420 957 482 auxilio
971 428 1107 499 egerent:

120 510 140 562 o
155 506 272 566 Latinos
291 524 346 587 pro
360 524 412 566 sua
427 505 562 567 libertate
582 509 778 587 potiusquam
801 523 857 585 pro
873 504 967 566 alieno
983 506 1108 584 imperio

119 587 263 651 rlaturos
284 609 374 650 arma.
410 591 489 650 inter
511 589 568 651 duo
591 589 677 650 simul
706 589 783 650 bella
802 597 923 650 externa
944 588 1109 651 delectione

154 675 240 734 etiam
256 675 404 735 sociorum
419 675 650 734 senatusanxius
662 691 728 734 cum
744 679 894 740 cerneret,
910 679 990 732 metu
1004 679 1108 732 tenen·

154 757 222 828 dos,
245 776 319 839 quos
341 756 413 816 fides
437 775 497 817 non
520 760 677 828 tenuisset,
700 756 858 816 extendere
874 773 976 816 omnes
992 757 1109 835 imperii

156 842 231 902 vires
248 838 384 902 consules
399 839 508 901 dilectu
530 841 666 901 babendo
688 841 787 900 iussit:
811 838 888 900 civili
904 840 1013 919 quippe
1030 846 1108 899 stan-

155 924 225 985 dum
253 926 384 985 exercitu
412 942 490 994 esse,
526 924 643 1003 quando
676 923 791 984 socialis
813 931 913 982 coetus
948 923 1107 983 desereret.

119 1008 296 1086 eundique,
312 1024 371 1066 non
387 1007 499 1067 urbana
515 1014 642 1078 tantum,
658 1007 810 1069 sedetiam
828 1008 935 1084 agresti
950 1007 1106 1076 iuventute,

154 1091 256 1151 decem
275 1089 406 1168 legiones
426 1093 552 1171 scriptae
580 1092 717 1152 dicuutur
742 1098 916 1169 quaternum
944 1089 1056 1150 milium
1080 1097 1110 1150 et

119 1180 139 1231 9
154 1174 336 1234 ducenorum
350 1173 480 1272 peditum
497 1167 685 1254 equitumque
699 1182 902 1242 trecenorum,
927 1191 1015 1252 quem
1031 1190 1110 1234 nunc

153 1275 261 1319 novum
288 1259 464 1328 exercitum,
488 1260 512 1319 si
534 1278 591 1358 qua
605 1267 726 1320 externa
743 1260 785 1318 vis
807 1259 939 1334 ingruat,
962 1257 1058 1318 hac
1032 1275 1108 1318 mres

151 1340 252 1440 populi
271 1341 409 1411 Romani,
428 1361 500 1420 quas
516 1345 563 1403 rix
578 1346 724 1403 terrarum
737 1343 815 1421 capit
829 1341 924 1411 orbis,
941 1348 1109 1402 contractae

152 1426 285 1485 inunum
297 1424 375 1486 baud
391 1425 476 1486 lacile
492 1427 632 1487 efficiant.
649 1426 722 1486 adeo
738 1427 769 1485 ln
781 1443 855 1503 quae
865 1424 1033 1485 laboramus
1046 1423 1109 1485 sola

153 1510 313 1579 crevimus,
332 1509 446 1568 divitias
462 1508 682 1606 luxuri-‘amque

108 1597 144 1648 ιθ
213 1591 294 1652 luter
309 1599 407 1651 cetera
423 1593 517 1651 tristia
538 1594 601 1652 eius
615 1592 684 1651 anni
700 1589 802 1650 consul
817 1589 891 1650 alter
904 1590 958 1668 dp.
972 1589 1109 1651 Claudius

151 1675 259 1754 inipso
274 1673 343 1733 belli
359 1681 499 1753 apparatu
514 1676 655 1742 moritum
674 1673 881 1751 redieruntque
892 1689 941 1731 res
952 1672 987 1732 ad
1001 1673 1106 1734 Camil-

107 1755 232 1826 ¹1lum,
261 1757 308 1816 cui
330 1759 418 1816 unico
441 1755 554 1816 consuli
574 1757 620 1816 rel
643 1755 680 1817 ob
702 1754 786 1816 aliam
807 1756 1007 1834 dignationem
1029 1757 1108 1818 baud

151 1839 352 1900 subiciendam
368 1839 526 1901 dictaturae
541 1838 586 1900 vel
602 1840 640 1904 ob
660 1858 745 1900 omen
767 1839 893 1901 faustum
908 1839 943 1900 ad
964 1839 1107 1901 Gallicum

151 1923 307 1984 tumultum
325 1925 507 2000 cognominis
525 1924 697 1985 dictatorem
715 1923 850 2002 adrogari
872 1922 949 1983 haud
972 1925 1041 1984 satis
1056 1923 1107 1984 de·

114 2012 255 2069 leonum
270 2008 364 2068 visum
379 2015 424 2068 est
437 2006 578 2087 patribus.
610 2005 712 2068 consul
726 2006 838 2068 duabus
860 2006 1026 2084 legionibus
1040 2008 1107 2067 urbl

64 2093 68 2101 '
151 2092 339 2169 praepositis,
363 2099 429 2150 octo
446 2109 513 2151 cum
528 2091 560 2151 L.
576 2091 694 2152 Pinario
715 2098 851 2170 praetore
875 2091 972 2151 divisis
993 2108 1107 2151 memor

150 2181 290 2251 pateruae
304 2175 419 2234 virtutis
435 2173 577 2236 Gallicum
591 2173 647 2235 sibi
662 2172 772 2234 bellum
785 2181 866 2234 extra
883 2182 993 2234 sortem
1008 2176 1104 2244 sumit,

105 2261 140 2313 13
151 2263 318 2336 praetorem
332 2259 509 2333 maritimam
521 2275 603 2318 oram
619 2259 707 2319 tutari
722 2258 908 2336 Graecosque
923 2275 1025 2318 arcere
1039 2257 1106 2317 lito·

150 2341 232 2401 ribus
245 2343 337 2403 iussit.
368 2350 398 2402 et
420 2351 486 2402 eum
508 2344 539 2402 in
558 2360 661 2421 agrum
682 2341 870 2420 Pomptinum
896 2340 1104 2410 descendisset,

149 2426 217 2503 quia
241 2443 337 2505 neque
359 2427 390 2484 in
411 2427 522 2504 eampis
537 2425 678 2503 congredi
699 2423 777 2484 nulla
799 2431 923 2502 cogente
943 2443 975 2484 re
990 2424 1106 2485 volebat

150 2514 180 2568 et
194 2508 379 2588 probibendo
394 2508 644 2588 populationibus,
668 2526 741 2587 quos
762 2515 846 2586 rapto
864 2509 961 2568 vivere
978 2510 1106 2570 uecessi-

151 2599 194 2652 tas
209 2599 337 2670 cogeret,
353 2594 422 2653 satis
436 2593 550 2653 domari
566 2591 705 2653 credebat
716 2591 840 2660 bostem,
857 2588 955 2655 locum
966 2591 1105 2653 idoneum

150 2676 260 2735 stativis
276 2674 392 2752 delegit.

118 2763 132 2814 1
211 2758 309 2819 XXVl.
335 2758 392 2820 Ubi
412 2777 479 2820 eum
505 2757 679 2820 stationibus
705 2759 795 2837 quieti
816 2764 955 2858 tempus
965 2765 1104 2830 tererent,

150 2840 402 2921 Gallusprocessit
413 2842 612 2918 magnitudine
624 2837 947 2922 atqucarmisinsignis,
956 2845 1104 2942 quatiens·

148 2942 205 3004 que
221 2932 337 2984 scutum
354 2925 436 2986 basta
452 2943 518 2986 curn
532 2922 678 2984 silentium
694 2925 825 2994 lecisset,
841 2933 982 3004 provocat
991 2944 1047 3006 per
1059 2928 1104 2986 in·

149 3014 310 3088 terpretem
325 3025 416 3068 unum
432 3026 468 3068 ex
485 3009 640 3078 Romanis,
662 3009 713 3085 qui
731 3025 832 3068 secum
852 3007 932 3068 ferro
953 3008 1103 3071 decernat

113 3099 132 3150 t
147 3092 186 3154 bl.
202 3100 266 3154 erat
276 3090 409 3153 Valerius
419 3091 553 3153 tribunus
564 3091 687 3152 militum
702 3090 888 3158 adulescens,
905 3111 955 3171 qur
947 3092 1067 3152 ''band
1059 3110 1104 3152 ur·

148 3175 312 3254 digniorem
334 3195 369 3237 eo
393 3176 500 3237 decore
523 3194 555 3236 se
576 3174 717 3255 quam'l'.
739 3174 878 3237 llanlium
899 3182 995 3243 ratus,
1021 3177 1104 3255 prius

148 3260 312 3322 sciscltatus
325 3260 454 3322 consulis
464 3258 663 3322 voluntatem
654 3276 685 3319 ιιι
695 3259 825 3321 medium
840 3265 970 3321 armatus
984 3276 1104 3339 proces·

115 3342 196 3403 tslt.
226 3343 324 3404 minus
344 3344 459 3422 insigne
479 3351 630 3426 certamen
648 3341 809 3405 humanum
830 3343 950 3403 numine
972 3344 1103 3422 interpo-

146 3426 204 3486 slto
218 3425 341 3486 deorum
363 3427 485 3536 iactum.
511 3443 637 3508 namque
658 3428 824 3488 conserenti
838 3427 896 3486 lam
910 3443 1031 3486 menum
1044 3426 1103 3486 lio-
