<?xml version="1.0" encoding="UTF-8"?>
<!DOCTYPE html PUBLIC "-//W3C//DTD XHTML 1.0 Transitional//EN"
    "http://www.w3.org/TR/xhtml1/DTD/xhtml1-transitional.dtd">
<html xmlns="http://www.w3.org/1999/xhtml" xml:lang="en" lang="en">
 <head>
  <title>
</title>
<meta http-equiv="Content-Type" content="text/html;charset=utf-8" />
  <meta name='ocr-system' content='tesseract 3.04.00' />
  <meta name='ocr-capabilities' content='ocr_page ocr_carea ocr_par ocr_line ocrx_word'/>
</head>
<body>
  <div class='ocr_page' id='page_1' title='image "./aburbeconditali08livygoog_0480.png"; bbox 0 0 2542 3956; ppageno 0'>
   <div class='ocr_carea' id='block_1_1' title="bbox 201 210 977 295">
    <p class='ocr_par' dir='ltr' id='par_1_1' title="bbox 201 210 977 295">
     <span class='ocr_line' id='line_1_1' title="bbox 201 210 977 295; baseline -0.018 -9"><span class='ocrx_word' id='word_1_1' title='bbox 201 225 262 286; x_wconf 79' lang='lat'><strong>342</strong></span> <span class='ocrx_word' id='word_1_2' title='bbox 359 237 453 280; x_wconf 78' lang='lat' dir='ltr'><strong>cruca</strong></span> <span class='ocrx_word' id='word_1_3' title='bbox 466 236 556 280; x_wconf 83' lang='lat' dir='ltr'><strong>xxm.</strong></span> <span class='ocrx_word' id='word_1_4' title='bbox 573 234 642 278; x_wconf 78' lang='lat' dir='ltr'><strong>oar.</strong></span> <span class='ocrx_word' id='word_1_5' title='bbox 657 221 700 280; x_wconf 82' lang='lat'><strong>²3.</strong></span> <span class='ocrx_word' id='word_1_6' title='bbox 716 222 760 276; x_wconf 77' lang='lat'><strong>24.</strong></span> <span class='ocrx_word' id='word_1_7' title='bbox 777 210 816 295; x_wconf 87' lang='lat' dir='ltr'><strong>[a.</strong></span> <span class='ocrx_word' id='word_1_8' title='bbox 827 237 859 276; x_wconf 95' lang='lat' dir='ltr'><strong>u.</strong></span> <span class='ocrx_word' id='word_1_9' title='bbox 875 235 902 277; x_wconf 93' lang='lat' dir='ltr'><strong>c.</strong></span> <span class='ocrx_word' id='word_1_10' title='bbox 913 211 977 294; x_wconf 72' lang='lat' dir='ltr'><strong>aas]</strong></span> 
     </span>
    </p>
   </div>
   <div class='ocr_carea' id='block_1_2' title="bbox 173 381 1256 631">
    <p class='ocr_par' dir='ltr' id='par_1_2' title="bbox 173 381 1256 631">
     <span class='ocr_line' id='line_1_2' title="bbox 175 381 1256 448; baseline -0.008 -2"><span class='ocrx_word' id='word_1_11' title='bbox 175 394 187 446; x_wconf 90' lang='lat'>1</span> <span class='ocrx_word' id='word_1_12' title='bbox 261 385 363 448; x_wconf 84' lang='lat' dir='ltr'><strong>XXlll.</strong></span> <span class='ocrx_word' id='word_1_13' title='bbox 395 385 526 446; x_wconf 74' lang='lat' dir='ltr'><strong>Dictator</strong></span> <span class='ocrx_word' id='word_1_14' title='bbox 545 381 599 444; x_wconf 84' lang='lat' dir='ltr'><strong>ubi</strong></span> <span class='ocrx_word' id='word_1_15' title='bbox 621 401 688 444; x_wconf 91' lang='lat' dir='ltr'><strong>cum</strong></span> <span class='ocrx_word' id='word_1_16' title='bbox 708 381 863 444; x_wconf 79' lang='lat' dir='ltr'>lictoribus</span> <span class='ocrx_word' id='word_1_17' title='bbox 882 382 915 442; x_wconf 87' lang='lat' dir='ltr'><strong>in</strong></span> <span class='ocrx_word' id='word_1_18' title='bbox 937 388 1037 442; x_wconf 88' lang='lat' dir='ltr'><strong>rostra</strong></span> <span class='ocrx_word' id='word_1_19' title='bbox 1063 397 1169 438; x_wconf 89' lang='lat' dir='ltr'><strong>cscen·</strong></span> <span class='ocrx_word' id='word_1_20' title='bbox 1255 381 1256 390; x_wconf 78' lang='grc'>’</span> 
     </span>
     <span class='ocr_line' id='line_1_3' title="bbox 173 464 1256 560; baseline -0.006 -30"><span class='ocrx_word' id='word_1_21' title='bbox 173 469 259 541; x_wconf 83' lang='lat' dir='ltr'><strong>dit,</strong></span> <span class='ocrx_word' id='word_1_22' title='bbox 277 487 373 549; x_wconf 87' lang='lat' dir='ltr'><strong>neque</strong></span> <span class='ocrx_word' id='word_1_23' title='bbox 386 469 462 530; x_wconf 85' lang='lat' dir='ltr'><strong>duos</strong></span> <span class='ocrx_word' id='word_1_24' title='bbox 478 467 637 528; x_wconf 84' lang='lat' dir='ltr'><strong>dictatores</strong></span> <span class='ocrx_word' id='word_1_25' title='bbox 650 474 785 545; x_wconf 88' lang='lat' dir='ltr'><strong>tempore</strong></span> <span class='ocrx_word' id='word_1_26' title='bbox 805 483 880 536; x_wconf 89' lang='lat' dir='ltr'><strong>uno,</strong></span> <span class='ocrx_word' id='word_1_27' title='bbox 902 464 983 544; x_wconf 86' lang='lat' dir='ltr'><strong>quod</strong></span> <span class='ocrx_word' id='word_1_28' title='bbox 1002 479 1168 543; x_wconf 81' lang='lat' dir='ltr'><strong>numqaram</strong></span> <span class='ocrx_word' id='word_1_29' title='bbox 1255 491 1256 560; x_wconf 49' lang='lat' dir='ltr'><strong>p</strong></span> 
     </span>
     <span class='ocr_line' id='line_1_4' title="bbox 175 547 1256 631; baseline -0.005 -19"><span class='ocrx_word' id='word_1_30' title='bbox 175 553 411 615; x_wconf 81' lang='lat' dir='ltr'><strong>eanteatactum</strong></span> <span class='ocrx_word' id='word_1_31' title='bbox 423 559 509 622; x_wconf 85' lang='lat' dir='ltr'><strong>asset,</strong></span> <span class='ocrx_word' id='word_1_32' title='bbox 525 549 651 631; x_wconf 85' lang='lat' dir='ltr'><strong>probare</strong></span> <span class='ocrx_word' id='word_1_33' title='bbox 670 549 802 620; x_wconf 69' lang='lat' dir='ltr'><strong>sedicit,</strong></span> <span class='ocrx_word' id='word_1_34' title='bbox 823 567 920 629; x_wconf 87' lang='lat' dir='ltr'><strong>neque</strong></span> <span class='ocrx_word' id='word_1_35' title='bbox 936 547 1121 610; x_wconf 58' lang='lat' dir='ltr'><strong>mutarem</strong></span> <span class='ocrx_word' id='word_1_36' title='bbox 1138 565 1169 608; x_wconf 88' lang='lat' dir='ltr'><strong>se</strong></span> <span class='ocrx_word' id='word_1_37' title='bbox 1255 561 1256 630; x_wconf 47' lang='grc' dir='ltr'>ξ</span> 
     </span>
    </p>
   </div>
   <div class='ocr_carea' id='block_1_3' title="bbox 1241 673 1256 830">
    <p class='ocr_par' dir='ltr' id='par_1_3' title="bbox 1241 641 1256 954">
     <span class='ocr_line' id='line_1_5' title="bbox 1241 673 1256 830; baseline 0 -164"><span class='ocrx_word' id='word_1_38' title='bbox 1241 673 1256 830; x_wconf 64' lang='lat' dir='ltr'><strong>i</strong></span> 
     </span>
    </p>
   </div>
   <div class='ocr_carea' id='block_1_4' title="bbox 176 633 1170 1974">
    <p class='ocr_par' dir='ltr' id='par_1_4' title="bbox 176 633 1170 1974">
     <span class='ocr_line' id='line_1_6' title="bbox 202 633 1165 716; baseline -0.004 -18"><span class='ocrx_word' id='word_1_39' title='bbox 202 639 265 700; x_wconf 86' lang='lat' dir='ltr'><strong>sine</strong></span> <span class='ocrx_word' id='word_1_40' title='bbox 281 639 421 716; x_wconf 79' lang='lat' dir='ltr'><strong>magistro</strong></span> <span class='ocrx_word' id='word_1_41' title='bbox 437 636 568 714; x_wconf 87' lang='lat' dir='ltr'><strong>equitum</strong></span> <span class='ocrx_word' id='word_1_42' title='bbox 581 652 640 696; x_wconf 88' lang='lat' dir='ltr'><strong>nac</strong></span> <span class='ocrx_word' id='word_1_43' title='bbox 657 635 821 695; x_wconf 77' lang='lat' dir='ltr'><strong>cursoriam</strong></span> <span class='ocrx_word' id='word_1_44' title='bbox 835 635 893 692; x_wconf 72' lang='lat' dir='ltr'><strong>um</strong></span> <span class='ocrx_word' id='word_1_45' title='bbox 908 633 960 694; x_wconf 87' lang='lat' dir='ltr'><strong>uni</strong></span> <span class='ocrx_word' id='word_1_46' title='bbox 977 635 1165 712; x_wconf 86' lang='lat' dir='ltr'><strong>permissam,</strong></span> 
     </span>
     <span class='ocr_line' id='line_1_7' title="bbox 204 717 1165 795; baseline -0.003 -13"><span class='ocrx_word' id='word_1_47' title='bbox 204 729 233 782; x_wconf 90' lang='lat' dir='ltr'><strong>et</strong></span> <span class='ocrx_word' id='word_1_48' title='bbox 250 722 346 782; x_wconf 88' lang='lat' dir='ltr'><strong>aldem</strong></span> <span class='ocrx_word' id='word_1_49' title='bbox 367 721 489 790; x_wconf 85' lang='lat' dir='ltr'><strong>iterum,</strong></span> <span class='ocrx_word' id='word_1_50' title='bbox 518 735 574 780; x_wconf 85' lang='lat' dir='ltr'><strong>nec</strong></span> <span class='ocrx_word' id='word_1_51' title='bbox 591 717 727 780; x_wconf 76' lang='lat' dir='ltr'><strong>dictatori</strong></span> <span class='ocrx_word' id='word_1_52' title='bbox 750 719 810 778; x_wconf 86' lang='lat' dir='ltr'><strong>nisi</strong></span> <span class='ocrx_word' id='word_1_53' title='bbox 835 717 880 778; x_wconf 85' lang='lat' dir='ltr'><strong>rei</strong></span> <span class='ocrx_word' id='word_1_54' title='bbox 899 717 1051 795; x_wconf 76' lang='lat' dir='ltr'><strong>gerendae</strong></span> <span class='ocrx_word' id='word_1_55' title='bbox 1077 735 1165 779; x_wconf 86' lang='lat' dir='ltr'><strong>causa</strong></span> 
     </span>
     <span class='ocr_line' id='line_1_8' title="bbox 179 801 1166 881; baseline -0.002 -17"><span class='ocrx_word' id='word_1_56' title='bbox 179 811 306 868; x_wconf 76' lang='lat' dir='ltr'><strong>ucreato</strong></span> <span class='ocrx_word' id='word_1_57' title='bbox 321 805 353 866; x_wconf 91' lang='lat' dir='ltr'><strong>in</strong></span> <span class='ocrx_word' id='word_1_58' title='bbox 368 823 420 866; x_wconf 82' lang='lat' dir='ltr'><strong>sex</strong></span> <span class='ocrx_word' id='word_1_59' title='bbox 433 820 550 864; x_wconf 88' lang='lat' dir='ltr'><strong>meuses</strong></span> <span class='ocrx_word' id='word_1_60' title='bbox 563 801 663 864; x_wconf 89' lang='lat' dir='ltr'><strong>datum</strong></span> <span class='ocrx_word' id='word_1_61' title='bbox 682 802 849 881; x_wconf 66' lang='lat' dir='ltr'><strong>imperium.</strong></span> <span class='ocrx_word' id='word_1_62' title='bbox 885 819 961 880; x_wconf 90' lang='lat' dir='ltr'><strong>quae</strong></span> <span class='ocrx_word' id='word_1_63' title='bbox 981 801 1166 862; x_wconf 78' lang='lat' dir='ltr'><strong>inmoderata</strong></span> 
     </span>
     <span class='ocr_line' id='line_1_9' title="bbox 204 884 1166 969; baseline -0.003 -19"><span class='ocrx_word' id='word_1_64' title='bbox 204 889 282 960; x_wconf 85' lang='lat' dir='ltr'><strong>lars,</strong></span> <span class='ocrx_word' id='word_1_65' title='bbox 295 895 414 969; x_wconf 80' lang='lat' dir='ltr'><strong>tempus</strong></span> <span class='ocrx_word' id='word_1_66' title='bbox 428 905 462 949; x_wconf 90' lang='lat' dir='ltr'><strong>ac</strong></span> <span class='ocrx_word' id='word_1_67' title='bbox 478 887 637 948; x_wconf 87' lang='lat' dir='ltr'><strong>necessitas</strong></span> <span class='ocrx_word' id='word_1_68' title='bbox 656 885 775 956; x_wconf 84' lang='lat' dir='ltr'><strong>iecerit,</strong></span> <span class='ocrx_word' id='word_1_69' title='bbox 797 886 843 946; x_wconf 87' lang='lat' dir='ltr'><strong>his</strong></span> <span class='ocrx_word' id='word_1_70' title='bbox 857 902 895 945; x_wconf 77' lang='lat' dir='ltr'><strong>ec</strong></span> <span class='ocrx_word' id='word_1_71' title='bbox 915 884 1038 946; x_wconf 84' lang='lat' dir='ltr'><strong>modum</strong></span> <span class='ocrx_word' id='word_1_72' title='bbox 1055 887 1166 966; x_wconf 85' lang='lat' dir='ltr'><strong>inposi-</strong></span> 
     </span>
     <span class='ocr_line' id='line_1_10' title="bbox 204 971 1157 1050; baseline -0.004 -16"><span class='ocrx_word' id='word_1_73' title='bbox 204 979 314 1034; x_wconf 76' lang='lat' dir='ltr'><strong>turam.</strong></span> <span class='ocrx_word' id='word_1_74' title='bbox 352 991 420 1034; x_wconf 87' lang='lat' dir='ltr'><strong>nam</strong></span> <span class='ocrx_word' id='word_1_75' title='bbox 442 988 539 1049; x_wconf 88' lang='lat' dir='ltr'><strong>neque</strong></span> <span class='ocrx_word' id='word_1_76' title='bbox 560 977 664 1030; x_wconf 88' lang='lat' dir='ltr'><strong>senatu</strong></span> <span class='ocrx_word' id='word_1_77' title='bbox 688 987 864 1050; x_wconf 76' lang='lat' dir='ltr'><strong>quemquam</strong></span> <span class='ocrx_word' id='word_1_78' title='bbox 885 980 1037 1030; x_wconf 87' lang='lat' dir='ltr'><strong>moturum</strong></span> <span class='ocrx_word' id='word_1_79' title='bbox 1059 987 1099 1032; x_wconf 76' lang='lat' dir='ltr'><strong>eu</strong></span> <span class='ocrx_word' id='word_1_80' title='bbox 1121 971 1157 1030; x_wconf 89' lang='lat' dir='ltr'><strong>iis</strong></span> 
     </span>
     <span class='ocr_line' id='line_1_11' title="bbox 204 1052 1167 1136; baseline -0.004 -18"><span class='ocrx_word' id='word_1_81' title='bbox 204 1074 279 1136; x_wconf 84' lang='lat' dir='ltr'><strong>quos</strong></span> <span class='ocrx_word' id='word_1_82' title='bbox 293 1056 324 1118; x_wconf 87' lang='lat' dir='ltr'><strong>G.</strong></span> <span class='ocrx_word' id='word_1_83' title='bbox 340 1055 501 1116; x_wconf 75' lang='lat' dir='ltr'><strong>Flaminius</strong></span> <span class='ocrx_word' id='word_1_84' title='bbox 515 1053 548 1114; x_wconf 93' lang='lat' dir='ltr'><strong>L.</strong></span> <span class='ocrx_word' id='word_1_85' title='bbox 564 1052 704 1116; x_wconf 75' lang='lat' dir='ltr'><strong>Aemilius</strong></span> <span class='ocrx_word' id='word_1_86' title='bbox 720 1070 859 1114; x_wconf 85' lang='lat' dir='ltr'><strong>censores</strong></span> <span class='ocrx_word' id='word_1_87' title='bbox 870 1054 904 1113; x_wconf 91' lang='lat' dir='ltr'><strong>in</strong></span> <span class='ocrx_word' id='word_1_88' title='bbox 921 1060 1059 1114; x_wconf 85' lang='lat' dir='ltr'><strong>senatum</strong></span> <span class='ocrx_word' id='word_1_89' title='bbox 1079 1052 1167 1132; x_wconf 84' lang='lat' dir='ltr'><strong>legis·</strong></span> 
     </span>
     <span class='ocr_line' id='line_1_12' title="bbox 176 1137 1167 1216; baseline 0 -18"><span class='ocrx_word' id='word_1_90' title='bbox 176 1148 283 1208; x_wconf 73' lang='lat' dir='ltr'><strong>ssent;</strong></span> <span class='ocrx_word' id='word_1_91' title='bbox 299 1137 459 1200; x_wconf 80' lang='lat' dir='ltr'><strong>transcribi</strong></span> <span class='ocrx_word' id='word_1_92' title='bbox 472 1145 586 1198; x_wconf 83' lang='lat' dir='ltr'><strong>tantmu</strong></span> <span class='ocrx_word' id='word_1_93' title='bbox 596 1138 774 1216; x_wconf 79' lang='lat' dir='ltr'><strong>recitarique</strong></span> <span class='ocrx_word' id='word_1_94' title='bbox 785 1156 835 1199; x_wconf 90' lang='lat' dir='ltr'><strong>eos</strong></span> <span class='ocrx_word' id='word_1_95' title='bbox 845 1138 1003 1208; x_wconf 86' lang='lat' dir='ltr'><strong>iussurum,</strong></span> <span class='ocrx_word' id='word_1_96' title='bbox 1022 1155 1061 1198; x_wconf 88' lang='lat' dir='ltr'><strong>ne</strong></span> <span class='ocrx_word' id='word_1_97' title='bbox 1077 1155 1167 1216; x_wconf 86' lang='lat' dir='ltr'><strong>penes</strong></span> 
     </span>
     <span class='ocr_line' id='line_1_13' title="bbox 205 1221 1167 1300; baseline -0.002 -16"><span class='ocrx_word' id='word_1_98' title='bbox 205 1241 296 1284; x_wconf 75' lang='lat' dir='ltr'><strong>tinum</strong></span> <span class='ocrx_word' id='word_1_99' title='bbox 308 1222 459 1284; x_wconf 87' lang='lat' dir='ltr'><strong>bominem</strong></span> <span class='ocrx_word' id='word_1_100' title='bbox 473 1221 614 1284; x_wconf 80' lang='lat' dir='ltr'><strong>indictum</strong></span> <span class='ocrx_word' id='word_1_101' title='bbox 622 1221 836 1300; x_wconf 77' lang='lat' dir='ltr'><strong>arbitriumque</strong></span> <span class='ocrx_word' id='word_1_102' title='bbox 845 1221 882 1281; x_wconf 87' lang='lat' dir='ltr'><strong>de</strong></span> <span class='ocrx_word' id='word_1_103' title='bbox 895 1221 974 1282; x_wconf 83' lang='lat' dir='ltr'><strong>fama</strong></span> <span class='ocrx_word' id='word_1_104' title='bbox 986 1221 1167 1282; x_wconf 82' lang='lat' dir='ltr'><strong>nemoribus</strong></span> 
     </span>
     <span class='ocr_line' id='line_1_14' title="bbox 205 1303 1167 1376; baseline -0.001 -8"><span class='ocrx_word' id='word_1_105' title='bbox 205 1307 349 1368; x_wconf 83' lang='lat' dir='ltr'><strong>sanatoris</strong></span> <span class='ocrx_word' id='word_1_106' title='bbox 361 1307 464 1376; x_wconf 86' lang='lat' dir='ltr'><strong>luerit;</strong></span> <span class='ocrx_word' id='word_1_107' title='bbox 477 1312 507 1367; x_wconf 89' lang='lat' dir='ltr'><strong>ct</strong></span> <span class='ocrx_word' id='word_1_108' title='bbox 517 1307 557 1368; x_wconf 86' lang='lat' dir='ltr'><strong>ita</strong></span> <span class='ocrx_word' id='word_1_109' title='bbox 565 1307 596 1366; x_wconf 87' lang='lat' dir='ltr'><strong>in</strong></span> <span class='ocrx_word' id='word_1_110' title='bbox 609 1305 830 1366; x_wconf 87' lang='lat' dir='ltr'><strong>demortuorum</strong></span> <span class='ocrx_word' id='word_1_111' title='bbox 843 1303 940 1366; x_wconf 91' lang='lat' dir='ltr'><strong>locum</strong></span> <span class='ocrx_word' id='word_1_112' title='bbox 952 1303 1167 1376; x_wconf 84' lang='lat' dir='ltr'><strong>sublecturum,</strong></span> 
     </span>
     <span class='ocr_line' id='line_1_15' title="bbox 177 1387 1168 1469; baseline -0.001 -18"><span class='ocrx_word' id='word_1_113' title='bbox 177 1398 235 1453; x_wconf 74' lang='lat' dir='ltr'><strong>eut</strong></span> <span class='ocrx_word' id='word_1_114' title='bbox 250 1391 324 1452; x_wconf 89' lang='lat' dir='ltr'><strong>ordo</strong></span> <span class='ocrx_word' id='word_1_115' title='bbox 339 1391 446 1463; x_wconf 89' lang='lat' dir='ltr'><strong>ordini,</strong></span> <span class='ocrx_word' id='word_1_116' title='bbox 463 1408 522 1452; x_wconf 89' lang='lat' dir='ltr'><strong>non</strong></span> <span class='ocrx_word' id='word_1_117' title='bbox 537 1390 626 1451; x_wconf 87' lang='lat' dir='ltr'><strong>homo</strong></span> <span class='ocrx_word' id='word_1_118' title='bbox 642 1390 755 1451; x_wconf 87' lang='lat' dir='ltr'><strong>homini</strong></span> <span class='ocrx_word' id='word_1_119' title='bbox 768 1387 915 1469; x_wconf 85' lang='lat' dir='ltr'><strong>praelatus</strong></span> <span class='ocrx_word' id='word_1_120' title='bbox 929 1388 1093 1450; x_wconf 85' lang='lat' dir='ltr'><strong>videretur.</strong></span> <span class='ocrx_word' id='word_1_121' title='bbox 1122 1407 1168 1450; x_wconf 92' lang='lat' dir='ltr'><strong>re·</strong></span> 
     </span>
     <span class='ocr_line' id='line_1_16' title="bbox 206 1472 1168 1552; baseline -0.004 -14"><span class='ocrx_word' id='word_1_122' title='bbox 206 1477 294 1538; x_wconf 87' lang='lat' dir='ltr'><strong>citato</strong></span> <span class='ocrx_word' id='word_1_123' title='bbox 308 1482 408 1536; x_wconf 81' lang='lat' dir='ltr'><strong>vetere</strong></span> <span class='ocrx_word' id='word_1_124' title='bbox 421 1482 540 1546; x_wconf 86' lang='lat' dir='ltr'><strong>senatu,</strong></span> <span class='ocrx_word' id='word_1_125' title='bbox 566 1473 636 1534; x_wconf 88' lang='lat' dir='ltr'><strong>inde</strong></span> <span class='ocrx_word' id='word_1_126' title='bbox 651 1475 763 1552; x_wconf 88' lang='lat' dir='ltr'><strong>primos</strong></span> <span class='ocrx_word' id='word_1_127' title='bbox 783 1475 814 1532; x_wconf 91' lang='lat' dir='ltr'><strong>in</strong></span> <span class='ocrx_word' id='word_1_128' title='bbox 830 1472 1054 1535; x_wconf 89' lang='lat' dir='ltr'><strong>demortuorum</strong></span> <span class='ocrx_word' id='word_1_129' title='bbox 1071 1473 1168 1534; x_wconf 93' lang='lat' dir='ltr'><strong>locum</strong></span> 
     </span>
     <span class='ocr_line' id='line_1_17' title="bbox 206 1557 1167 1640; baseline -0.003 -20"><span class='ocrx_word' id='word_1_130' title='bbox 206 1559 285 1638; x_wconf 82' lang='lat' dir='ltr'><strong>legit,</strong></span> <span class='ocrx_word' id='word_1_131' title='bbox 302 1561 353 1640; x_wconf 90' lang='lat' dir='ltr'><strong>qui</strong></span> <span class='ocrx_word' id='word_1_132' title='bbox 362 1565 429 1639; x_wconf 89' lang='lat' dir='ltr'><strong>post</strong></span> <span class='ocrx_word' id='word_1_133' title='bbox 439 1559 472 1620; x_wconf 92' lang='lat' dir='ltr'><strong>L.</strong></span> <span class='ocrx_word' id='word_1_134' title='bbox 481 1557 636 1619; x_wconf 70' lang='lat' dir='ltr'><strong>Aemilium</strong></span> <span class='ocrx_word' id='word_1_135' title='bbox 645 1558 676 1620; x_wconf 83' lang='lat' dir='ltr'><strong>C.</strong></span> <span class='ocrx_word' id='word_1_136' title='bbox 688 1557 863 1619; x_wconf 87' lang='lat' dir='ltr'><strong>Flaminium</strong></span> <span class='ocrx_word' id='word_1_137' title='bbox 877 1575 1018 1619; x_wconf 79' lang='lat' dir='ltr'><strong>censores</strong></span> <span class='ocrx_word' id='word_1_138' title='bbox 1034 1557 1167 1619; x_wconf 86' lang='lat' dir='ltr'><strong>curulem</strong></span> 
     </span>
     <span class='ocr_line' id='line_1_18' title="bbox 206 1640 1169 1722; baseline -0.004 -18"><span class='ocrx_word' id='word_1_139' title='bbox 206 1645 408 1720; x_wconf 78' lang='lat' dir='ltr'><strong>magistratum</strong></span> <span class='ocrx_word' id='word_1_140' title='bbox 426 1643 574 1722; x_wconf 83' lang='lat' dir='ltr'><strong>cepissent</strong></span> <span class='ocrx_word' id='word_1_141' title='bbox 588 1641 715 1703; x_wconf 89' lang='lat' dir='ltr'><strong>necdum</strong></span> <span class='ocrx_word' id='word_1_142' title='bbox 730 1643 762 1702; x_wconf 89' lang='lat' dir='ltr'><strong>iu</strong></span> <span class='ocrx_word' id='word_1_143' title='bbox 777 1648 910 1703; x_wconf 84' lang='lat' dir='ltr'><strong>senatum</strong></span> <span class='ocrx_word' id='word_1_144' title='bbox 922 1640 992 1702; x_wconf 90' lang='lat' dir='ltr'><strong>lecti</strong></span> <span class='ocrx_word' id='word_1_145' title='bbox 1007 1650 1122 1713; x_wconf 86' lang='lat' dir='ltr'><strong>essent,</strong></span> <span class='ocrx_word' id='word_1_146' title='bbox 1138 1649 1169 1702; x_wconf 89' lang='lat' dir='ltr'><strong>ut</strong></span> 
     </span>
     <span class='ocr_line' id='line_1_19' title="bbox 177 1723 1170 1806; baseline 0 -22"><span class='ocrx_word' id='word_1_147' title='bbox 177 1727 329 1806; x_wconf 79' lang='lat' dir='ltr'><strong>equisque</strong></span> <span class='ocrx_word' id='word_1_148' title='bbox 350 1744 453 1787; x_wconf 90' lang='lat' dir='ltr'><strong>eorum</strong></span> <span class='ocrx_word' id='word_1_149' title='bbox 477 1723 624 1806; x_wconf 88' lang='lat' dir='ltr'><strong>[senatus]</strong></span> <span class='ocrx_word' id='word_1_150' title='bbox 646 1727 761 1805; x_wconf 91' lang='lat' dir='ltr'><strong>primus</strong></span> <span class='ocrx_word' id='word_1_151' title='bbox 777 1731 894 1787; x_wconf 90' lang='lat' dir='ltr'><strong>creatus</strong></span> <span class='ocrx_word' id='word_1_152' title='bbox 917 1732 997 1795; x_wconf 90' lang='lat' dir='ltr'><strong>erat;</strong></span> <span class='ocrx_word' id='word_1_153' title='bbox 1019 1733 1083 1787; x_wconf 87' lang='lat' dir='ltr'><strong>tum</strong></span> <span class='ocrx_word' id='word_1_154' title='bbox 1099 1725 1170 1804; x_wconf 85' lang='lat' dir='ltr'><strong>legit</strong></span> 
     </span>
     <span class='ocr_line' id='line_1_20' title="bbox 206 1808 1168 1889; baseline 0.001 -20"><span class='ocrx_word' id='word_1_155' title='bbox 206 1811 257 1888; x_wconf 89' lang='lat' dir='ltr'><strong>qui</strong></span> <span class='ocrx_word' id='word_1_156' title='bbox 277 1808 399 1878; x_wconf 89' lang='lat' dir='ltr'><strong>aediles,</strong></span> <span class='ocrx_word' id='word_1_157' title='bbox 417 1808 530 1870; x_wconf 89' lang='lat' dir='ltr'><strong>tribuni</strong></span> <span class='ocrx_word' id='word_1_158' title='bbox 550 1808 644 1887; x_wconf 90' lang='lat' dir='ltr'><strong>plebis</strong></span> <span class='ocrx_word' id='word_1_159' title='bbox 666 1816 870 1889; x_wconf 85' lang='lat' dir='ltr'><strong>quaestoresve</strong></span> <span class='ocrx_word' id='word_1_160' title='bbox 893 1809 1026 1881; x_wconf 76' lang='lat' dir='ltr'><strong>inerant:</strong></span> <span class='ocrx_word' id='word_1_161' title='bbox 1048 1817 1113 1871; x_wconf 90' lang='lat' dir='ltr'><strong>tum</strong></span> <span class='ocrx_word' id='word_1_162' title='bbox 1134 1828 1168 1870; x_wconf 85' lang='lat' dir='ltr'><strong>er</strong></span> 
     </span>
     <span class='ocr_line' id='line_1_21' title="bbox 206 1893 1168 1974; baseline -0.002 -20"><span class='ocrx_word' id='word_1_163' title='bbox 206 1893 255 1962; x_wconf 87' lang='lat' dir='ltr'><strong>lis,</strong></span> <span class='ocrx_word' id='word_1_164' title='bbox 277 1893 526 1972; x_wconf 81' lang='lat' dir='ltr'><strong>quimagistratus</strong></span> <span class='ocrx_word' id='word_1_165' title='bbox 537 1896 665 1955; x_wconf 82' lang='lat' dir='ltr'><strong>minores</strong></span> <span class='ocrx_word' id='word_1_166' title='bbox 681 1895 843 1972; x_wconf 85' lang='lat' dir='ltr'><strong>cepissent,</strong></span> <span class='ocrx_word' id='word_1_167' title='bbox 865 1895 916 1974; x_wconf 89' lang='lat' dir='ltr'><strong>qui</strong></span> <span class='ocrx_word' id='word_1_168' title='bbox 927 1893 1021 1974; x_wconf 85' lang='lat' dir='ltr'><strong>spolia</strong></span> <span class='ocrx_word' id='word_1_169' title='bbox 1038 1894 1168 1955; x_wconf 80' lang='lat' dir='ltr'><strong>exbostc</strong></span> 
     </span>
    </p>
   </div>
   <div class='ocr_carea' id='block_1_5' title="bbox 1249 85 1256 490">
    <p class='ocr_par' dir='ltr' id='par_1_5' title="bbox 1249 85 1256 490">
     <span class='ocr_line' id='line_1_22' title="bbox 1249 85 1256 114; baseline 0 72"><span class='ocrx_word' id='word_1_170' title='bbox 1249 85 1256 114; x_wconf 65' lang='lat'><em>‘</em></span> 
     </span>
     <span class='ocr_line' id='line_1_23' title="bbox 1255 191 1256 222; baseline 0 -28"><span class='ocrx_word' id='word_1_171' title='bbox 1255 191 1256 222; x_wconf 70' lang='lat' dir='ltr'><strong>i</strong></span> 
     </span>
     <span class='ocr_line' id='line_1_24' title="bbox 1255 249 1256 294; baseline 0 0"><span class='ocrx_word' id='word_1_172' title='bbox 1255 249 1256 294; x_wconf 79' lang='lat' dir='ltr'><strong>l</strong></span> 
     </span>
     <span class='ocr_line' id='line_1_25' title="bbox 1255 315 1256 334; baseline 0 0"><span class='ocrx_word' id='word_1_173' title='bbox 1255 315 1256 334; x_wconf 77' lang='lat' dir='ltr'><strong>t</strong></span> 
     </span>
     <span class='ocr_line' id='line_1_26' title="bbox 1255 337 1256 380; baseline 0 0"><span class='ocrx_word' id='word_1_174' title='bbox 1255 337 1256 380; x_wconf 77' lang='lat' dir='ltr'><strong>l</strong></span> 
     </span>
     <span class='ocr_line' id='line_1_27' title="bbox 1255 397 1256 452; baseline 0 0"><span class='ocrx_word' id='word_1_175' title='bbox 1255 397 1256 452; x_wconf 77' lang='lat' dir='ltr'><strong>l</strong></span> 
     </span>
     <span class='ocr_line' id='line_1_28' title="bbox 1255 457 1256 490; baseline 0 0"><span class='ocrx_word' id='word_1_176' title='bbox 1255 457 1256 490; x_wconf 79' lang='lat' dir='ltr'><strong>l</strong></span> 
     </span>
    </p>
   </div>
   <div class='ocr_carea' id='block_1_6' title="bbox 88 1975 1256 2478">
    <p class='ocr_par' dir='ltr' id='par_1_6' title="bbox 88 1975 1256 2478">
     <span class='ocr_line' id='line_1_29' title="bbox 178 1975 1256 2058; baseline 0 -24"><span class='ocrx_word' id='word_1_177' title='bbox 178 1976 264 2038; x_wconf 80' lang='lat' dir='ltr'><strong>anxa</strong></span> <span class='ocrx_word' id='word_1_178' title='bbox 281 1975 361 2038; x_wconf 87' lang='lat' dir='ltr'><strong>domi</strong></span> <span class='ocrx_word' id='word_1_179' title='bbox 379 1977 525 2040; x_wconf 86' lang='lat' dir='ltr'><strong>haberent</strong></span> <span class='ocrx_word' id='word_1_180' title='bbox 537 1985 589 2038; x_wconf 90' lang='lat' dir='ltr'><strong>aut</strong></span> <span class='ocrx_word' id='word_1_181' title='bbox 601 1978 722 2037; x_wconf 87' lang='lat' dir='ltr'><strong>civicam</strong></span> <span class='ocrx_word' id='word_1_182' title='bbox 743 1995 884 2039; x_wconf 90' lang='lat' dir='ltr'><strong>coronam</strong></span> <span class='ocrx_word' id='word_1_183' title='bbox 899 1980 1095 2058; x_wconf 83' lang='lat' dir='ltr'><strong>accepissent.</strong></span> <span class='ocrx_word' id='word_1_184' title='bbox 1131 1979 1168 2038; x_wconf 91' lang='lat' dir='ltr'><strong>ita</strong></span> <span class='ocrx_word' id='word_1_185' title='bbox 1255 2029 1256 2034; x_wconf 73' lang='grc'>,</span> 
     </span>
     <span class='ocr_line' id='line_1_30' title="bbox 207 2061 1256 2141; baseline 0.001 -20"><span class='ocrx_word' id='word_1_186' title='bbox 207 2067 326 2122; x_wconf 86' lang='lat' dir='ltr'><strong>centum</strong></span> <span class='ocrx_word' id='word_1_187' title='bbox 341 2063 524 2139; x_wconf 79' lang='lat' dir='ltr'><strong>septuaginta</strong></span> <span class='ocrx_word' id='word_1_188' title='bbox 539 2068 653 2141; x_wconf 85' lang='lat' dir='ltr'><strong>septem</strong></span> <span class='ocrx_word' id='word_1_189' title='bbox 669 2079 735 2121; x_wconf 91' lang='lat' dir='ltr'><strong>cum</strong></span> <span class='ocrx_word' id='word_1_190' title='bbox 755 2061 869 2139; x_wconf 86' lang='lat' dir='ltr'><strong>ingenti</strong></span> <span class='ocrx_word' id='word_1_191' title='bbox 883 2061 1100 2141; x_wconf 86' lang='lat' dir='ltr'><strong>adprobatione</strong></span> <span class='ocrx_word' id='word_1_192' title='bbox 1117 2063 1168 2124; x_wconf 90' lang='lat' dir='ltr'><strong>bo·</strong></span> <span class='ocrx_word' id='word_1_193' title='bbox 1255 2117 1256 2134; x_wconf 63' lang='grc'>,</span> 
     </span>
     <span class='ocr_line' id='line_1_31' title="bbox 88 2135 1256 2224; baseline 0.002 -21"><span class='ocrx_word' id='word_1_194' title='bbox 88 2181 92 2189; x_wconf 91' lang='lat'><em>-</em></span> <span class='ocrx_word' id='word_1_195' title='bbox 206 2145 319 2204; x_wconf 84' lang='lat' dir='ltr'><strong>minum</strong></span> <span class='ocrx_word' id='word_1_196' title='bbox 334 2144 510 2206; x_wconf 80' lang='lat' dir='ltr'><strong>incenatum</strong></span> <span class='ocrx_word' id='word_1_197' title='bbox 525 2144 609 2206; x_wconf 91' lang='lat' dir='ltr'><strong>lectis</strong></span> <span class='ocrx_word' id='word_1_198' title='bbox 625 2144 771 2223; x_wconf 81' lang='lat' dir='ltr'><strong>externplo</strong></span> <span class='ocrx_word' id='word_1_199' title='bbox 783 2163 815 2206; x_wconf 91' lang='lat' dir='ltr'><strong>se</strong></span> <span class='ocrx_word' id='word_1_200' title='bbox 827 2147 1002 2224; x_wconf 83' lang='lat' dir='ltr'><strong>magistratu</strong></span> <span class='ocrx_word' id='word_1_201' title='bbox 1014 2146 1167 2215; x_wconf 86' lang='lat' dir='ltr'><strong>abdicarit,</strong></span> <span class='ocrx_word' id='word_1_202' title='bbox 1255 2135 1256 2218; x_wconf 64' lang='lat' dir='ltr'><strong>l</strong></span> 
     </span>
     <span class='ocr_line' id='line_1_32' title="bbox 206 2227 1167 2307; baseline 0.004 -21"><span class='ocrx_word' id='word_1_203' title='bbox 206 2227 395 2307; x_wconf 71' lang='lat' dir='ltr'><strong>privatusque</strong></span> <span class='ocrx_word' id='word_1_204' title='bbox 412 2227 455 2288; x_wconf 85' lang='lat' dir='ltr'><strong>de</strong></span> <span class='ocrx_word' id='word_1_205' title='bbox 481 2229 586 2290; x_wconf 85' lang='lat' dir='ltr'><strong>restris</strong></span> <span class='ocrx_word' id='word_1_206' title='bbox 607 2229 763 2290; x_wconf 86' lang='lat' dir='ltr'><strong>descendit</strong></span> <span class='ocrx_word' id='word_1_207' title='bbox 788 2227 941 2290; x_wconf 88' lang='lat' dir='ltr'><strong>lictoribus</strong></span> <span class='ocrx_word' id='word_1_208' title='bbox 966 2229 1050 2302; x_wconf 88' lang='lat' dir='ltr'><strong>abire</strong></span> <span class='ocrx_word' id='word_1_209' title='bbox 1073 2231 1167 2299; x_wconf 88' lang='lat' dir='ltr'><strong>iussis,</strong></span> 
     </span>
     <span class='ocr_line' id='line_1_33' title="bbox 179 2307 1169 2394; baseline 0.006 -27"><span class='ocrx_word' id='word_1_210' title='bbox 179 2317 196 2366; x_wconf 89' lang='lat'>8</span> <span class='ocrx_word' id='word_1_211' title='bbox 208 2307 371 2390; x_wconf 79' lang='lat' dir='ltr'><strong>turbaeque</strong></span> <span class='ocrx_word' id='word_1_212' title='bbox 384 2329 417 2372; x_wconf 89' lang='lat' dir='ltr'><strong>sc</strong></span> <span class='ocrx_word' id='word_1_213' title='bbox 431 2313 581 2374; x_wconf 87' lang='lat' dir='ltr'><strong>inmiscuit</strong></span> <span class='ocrx_word' id='word_1_214' title='bbox 596 2313 723 2392; x_wconf 87' lang='lat' dir='ltr'><strong>privatas</strong></span> <span class='ocrx_word' id='word_1_215' title='bbox 735 2315 884 2391; x_wconf 85' lang='lat' dir='ltr'><strong>agentium</strong></span> <span class='ocrx_word' id='word_1_216' title='bbox 899 2331 965 2384; x_wconf 88' lang='lat' dir='ltr'><strong>res,</strong></span> <span class='ocrx_word' id='word_1_217' title='bbox 981 2321 1102 2394; x_wconf 88' lang='lat' dir='ltr'><strong>tempus</strong></span> <span class='ocrx_word' id='word_1_218' title='bbox 1116 2315 1169 2374; x_wconf 92' lang='lat' dir='ltr'><strong>hoc</strong></span> 
     </span>
     <span class='ocr_line' id='line_1_34' title="bbox 207 2392 1256 2478; baseline 0.005 -25"><span class='ocrx_word' id='word_1_219' title='bbox 207 2392 309 2454; x_wconf 91' lang='lat' dir='ltr'><strong>sedulo</strong></span> <span class='ocrx_word' id='word_1_220' title='bbox 326 2402 440 2466; x_wconf 87' lang='lat' dir='ltr'><strong>terens,</strong></span> <span class='ocrx_word' id='word_1_221' title='bbox 458 2415 496 2457; x_wconf 91' lang='lat' dir='ltr'><strong>nc</strong></span> <span class='ocrx_word' id='word_1_222' title='bbox 519 2395 684 2458; x_wconf 78' lang='lat' dir='ltr'><strong>deducendi</strong></span> <span class='ocrx_word' id='word_1_223' title='bbox 709 2398 754 2458; x_wconf 89' lang='lat' dir='ltr'><strong>sui</strong></span> <span class='ocrx_word' id='word_1_224' title='bbox 776 2416 862 2459; x_wconf 90' lang='lat' dir='ltr'><strong>causa</strong></span> <span class='ocrx_word' id='word_1_225' title='bbox 884 2397 1025 2478; x_wconf 90' lang='lat' dir='ltr'><strong>populum</strong></span> <span class='ocrx_word' id='word_1_226' title='bbox 1051 2399 1092 2460; x_wconf 92' lang='lat' dir='ltr'><strong>de</strong></span> <span class='ocrx_word' id='word_1_227' title='bbox 1108 2399 1169 2460; x_wconf 88' lang='lat' dir='ltr'><strong>loro</strong></span> <span class='ocrx_word' id='word_1_228' title='bbox 1255 2413 1256 2428; x_wconf 64' lang='lat'>¹</span> 
     </span>
    </p>
   </div>
   <div class='ocr_carea' id='block_1_7' title="bbox 175 2474 1169 2795">
    <p class='ocr_par' dir='ltr' id='par_1_7' title="bbox 207 2474 1168 2560">
     <span class='ocr_line' id='line_1_35' title="bbox 207 2474 1168 2560; baseline 0.007 -23"><span class='ocrx_word' id='word_1_229' title='bbox 207 2474 380 2540; x_wconf 85' lang='lat' dir='ltr'><strong>abduceret:</strong></span> <span class='ocrx_word' id='word_1_230' title='bbox 396 2497 492 2560; x_wconf 85' lang='lat' dir='ltr'><strong>neque</strong></span> <span class='ocrx_word' id='word_1_231' title='bbox 511 2481 758 2560; x_wconf 77' lang='lat' dir='ltr'><strong>tamenclangcit</strong></span> <span class='ocrx_word' id='word_1_232' title='bbox 770 2500 840 2542; x_wconf 87' lang='lat' dir='ltr'><strong>cura</strong></span> <span class='ocrx_word' id='word_1_233' title='bbox 856 2482 1009 2544; x_wconf 87' lang='lat' dir='ltr'><strong>bominum</strong></span> <span class='ocrx_word' id='word_1_234' title='bbox 1024 2501 1059 2544; x_wconf 87' lang='lat' dir='ltr'><strong>ea</strong></span> <span class='ocrx_word' id='word_1_235' title='bbox 1079 2500 1168 2552; x_wconf 88' lang='lat' dir='ltr'><strong>mora,</strong></span> 
     </span>
    </p>

    <p class='ocr_par' dir='ltr' id='par_1_8' title="bbox 175 2559 1169 2795">
     <span class='ocr_line' id='line_1_36' title="bbox 175 2559 1168 2642; baseline 0.009 -25"><span class='ocrx_word' id='word_1_236' title='bbox 175 2559 434 2642; x_wconf 75' lang='lat' dir='ltr'><strong>orreqaencesque</strong></span> <span class='ocrx_word' id='word_1_237' title='bbox 449 2583 518 2626; x_wconf 77' lang='lat' dir='ltr'><strong>etim</strong></span> <span class='ocrx_word' id='word_1_238' title='bbox 536 2565 657 2626; x_wconf 63' lang='lat' dir='ltr'><strong>murum</strong></span> <span class='ocrx_word' id='word_1_239' title='bbox 675 2565 868 2626; x_wconf 80' lang='lat' dir='ltr'><strong>deduxerunt.</strong></span> <span class='ocrx_word' id='word_1_240' title='bbox 906 2565 1009 2627; x_wconf 90' lang='lat' dir='ltr'><strong>consul</strong></span> <span class='ocrx_word' id='word_1_241' title='bbox 1022 2576 1114 2628; x_wconf 85' lang='lat' dir='ltr'><strong>&#39;nocte</strong></span> <span class='ocrx_word' id='word_1_242' title='bbox 1128 2568 1168 2627; x_wconf 92' lang='lat' dir='ltr'><strong>in·</strong></span> 
     </span>
     <span class='ocr_line' id='line_1_37' title="bbox 207 2647 1169 2730; baseline 0.005 -25"><span class='ocrx_word' id='word_1_243' title='bbox 207 2647 341 2723; x_wconf 69' lang='lat' dir='ltr'><strong>septena·</strong></span> <span class='ocrx_word' id='word_1_244' title='bbox 356 2647 393 2708; x_wconf 92' lang='lat' dir='ltr'><strong>ad</strong></span> <span class='ocrx_word' id='word_1_245' title='bbox 407 2650 572 2710; x_wconf 85' lang='lat' dir='ltr'><strong>exercitum</strong></span> <span class='ocrx_word' id='word_1_246' title='bbox 586 2649 664 2710; x_wconf 88' lang='lat' dir='ltr'><strong>redit</strong></span> <span class='ocrx_word' id='word_1_247' title='bbox 679 2667 739 2710; x_wconf 90' lang='lat' dir='ltr'><strong>non</strong></span> <span class='ocrx_word' id='word_1_248' title='bbox 757 2649 835 2710; x_wconf 81' lang='lat' dir='ltr'><strong>lacto</strong></span> <span class='ocrx_word' id='word_1_249' title='bbox 855 2650 982 2711; x_wconf 88' lang='lat' dir='ltr'><strong>certiore</strong></span> <span class='ocrx_word' id='word_1_250' title='bbox 998 2659 1119 2721; x_wconf 85' lang='lat' dir='ltr'><strong>senatu,</strong></span> <span class='ocrx_word' id='word_1_251' title='bbox 1135 2669 1169 2730; x_wconf 89' lang='lat' dir='ltr'><strong>ne</strong></span> 
     </span>
     <span class='ocr_line' id='line_1_38' title="bbox 209 2730 968 2795; baseline 0.012 -9"><span class='ocrx_word' id='word_1_252' title='bbox 209 2730 393 2792; x_wconf 85' lang='lat' dir='ltr'><strong>comitiorum</strong></span> <span class='ocrx_word' id='word_1_253' title='bbox 403 2749 497 2794; x_wconf 87' lang='lat' dir='ltr'><strong>causa</strong></span> <span class='ocrx_word' id='word_1_254' title='bbox 512 2735 545 2794; x_wconf 90' lang='lat' dir='ltr'><strong>in</strong></span> <span class='ocrx_word' id='word_1_255' title='bbox 562 2732 637 2794; x_wconf 88' lang='lat' dir='ltr'><strong>urbe</strong></span> <span class='ocrx_word' id='word_1_256' title='bbox 651 2735 841 2795; x_wconf 84' lang='lat' dir='ltr'><strong>retineretur.</strong></span> <span class='ocrx_word' id='word_1_257' title='bbox 966 2747 968 2752; x_wconf 81' lang='grc'>’</span> 
     </span>
    </p>
   </div>
   <div class='ocr_carea' id='block_1_8' title="bbox 181 2811 1256 2898">
    <p class='ocr_par' dir='ltr' id='par_1_9' title="bbox 181 2811 1256 2898">
     <span class='ocr_line' id='line_1_39' title="bbox 181 2811 1256 2898; baseline 0.013 -32"><span class='ocrx_word' id='word_1_258' title='bbox 181 2815 195 2866; x_wconf 83' lang='grc'>1</span> <span class='ocrx_word' id='word_1_259' title='bbox 271 2811 370 2874; x_wconf 74' lang='lat' dir='ltr'><strong>xxiv,</strong></span> <span class='ocrx_word' id='word_1_260' title='bbox 399 2813 521 2876; x_wconf 87' lang='lat' dir='ltr'><strong>Postero</strong></span> <span class='ocrx_word' id='word_1_261' title='bbox 538 2816 585 2877; x_wconf 92' lang='lat' dir='ltr'><strong>die</strong></span> <span class='ocrx_word' id='word_1_262' title='bbox 601 2816 752 2878; x_wconf 91' lang='lat' dir='ltr'><strong>consultus</strong></span> <span class='ocrx_word' id='word_1_263' title='bbox 767 2836 784 2879; x_wconf 90' lang='lat' dir='ltr'><strong>a</strong></span> <span class='ocrx_word' id='word_1_264' title='bbox 799 2818 837 2878; x_wconf 87' lang='lat' dir='ltr'><strong>M.</strong></span> <span class='ocrx_word' id='word_1_265' title='bbox 850 2817 1015 2896; x_wconf 82' lang='lat' dir='ltr'><strong>Pomponio</strong></span> <span class='ocrx_word' id='word_1_266' title='bbox 1032 2827 1169 2898; x_wconf 87' lang='lat' dir='ltr'><strong>praetore</strong></span> <span class='ocrx_word' id='word_1_267' title='bbox 1255 2817 1256 2854; x_wconf 79' lang='lat'>3</span> 
     </span>
    </p>
   </div>
   <div class='ocr_carea' id='block_1_9' title="bbox 208 2894 1169 3061">
    <p class='ocr_par' dir='ltr' id='par_1_10' title="bbox 208 2894 1169 3061">
     <span class='ocr_line' id='line_1_40' title="bbox 208 2894 1169 2982; baseline 0.007 -27"><span class='ocrx_word' id='word_1_268' title='bbox 208 2901 328 2955; x_wconf 81' lang='lat' dir='ltr'><strong>senatus</strong></span> <span class='ocrx_word' id='word_1_269' title='bbox 341 2894 471 2956; x_wconf 83' lang='lat' dir='ltr'><strong>decrerit</strong></span> <span class='ocrx_word' id='word_1_270' title='bbox 483 2899 619 2958; x_wconf 87' lang='lat' dir='ltr'><strong>dictatori</strong></span> <span class='ocrx_word' id='word_1_271' title='bbox 636 2900 841 2969; x_wconf 88' lang='lat' dir='ltr'><strong>scribendum,</strong></span> <span class='ocrx_word' id='word_1_272' title='bbox 858 2902 914 2972; x_wconf 84' lang='lat' dir='ltr'><strong>uti,</strong></span> <span class='ocrx_word' id='word_1_273' title='bbox 932 2902 957 2960; x_wconf 91' lang='lat' dir='ltr'><strong>si</strong></span> <span class='ocrx_word' id='word_1_274' title='bbox 973 2921 990 2962; x_wconf 91' lang='lat' dir='ltr'><strong>e</strong></span> <span class='ocrx_word' id='word_1_275' title='bbox 1007 2902 1169 2982; x_wconf 89' lang='lat' dir='ltr'><strong>republica</strong></span> 
     </span>
     <span class='ocr_line' id='line_1_41' title="bbox 209 2979 1169 3061; baseline 0.006 -21"><span class='ocrx_word' id='word_1_276' title='bbox 209 2988 344 3040; x_wconf 87' lang='lat' dir='ltr'><strong>censeret</strong></span> <span class='ocrx_word' id='word_1_277' title='bbox 359 2994 439 3048; x_wconf 89' lang='lat' dir='ltr'><strong>esse,</strong></span> <span class='ocrx_word' id='word_1_278' title='bbox 456 2979 492 3040; x_wconf 89' lang='lat' dir='ltr'><strong>ad</strong></span> <span class='ocrx_word' id='word_1_279' title='bbox 507 2979 643 3059; x_wconf 86' lang='lat' dir='ltr'><strong>consules</strong></span> <span class='ocrx_word' id='word_1_280' title='bbox 657 2981 862 3061; x_wconf 84' lang='lat' dir='ltr'><strong>subrogandos</strong></span> <span class='ocrx_word' id='word_1_281' title='bbox 880 2986 994 3046; x_wconf 86' lang='lat' dir='ltr'><strong>veniret</strong></span> <span class='ocrx_word' id='word_1_282' title='bbox 1016 3003 1085 3048; x_wconf 89' lang='lat' dir='ltr'><strong>cum</strong></span> <span class='ocrx_word' id='word_1_283' title='bbox 1111 3005 1169 3048; x_wconf 83' lang='lat' dir='ltr'><strong>ma·</strong></span> 
     </span>
    </p>
   </div>
   <div class='ocr_carea' id='block_1_10' title="bbox 181 3062 1256 3150">
    <p class='ocr_par' dir='ltr' id='par_1_11' title="bbox 181 3062 1256 3150">
     <span class='ocr_line' id='line_1_42' title="bbox 181 3062 1256 3150; baseline 0.001 -27"><span class='ocrx_word' id='word_1_284' title='bbox 181 3064 302 3141; x_wconf 72' lang='lat' dir='ltr'><strong>¹lgistro</strong></span> <span class='ocrx_word' id='word_1_285' title='bbox 319 3062 451 3142; x_wconf 86' lang='lat' dir='ltr'><strong>equitum</strong></span> <span class='ocrx_word' id='word_1_286' title='bbox 463 3071 493 3126; x_wconf 93' lang='lat' dir='ltr'><strong>et</strong></span> <span class='ocrx_word' id='word_1_287' title='bbox 502 3073 641 3145; x_wconf 89' lang='lat' dir='ltr'><strong>praetore</strong></span> <span class='ocrx_word' id='word_1_288' title='bbox 656 3066 694 3128; x_wconf 90' lang='lat' dir='ltr'><strong>M.</strong></span> <span class='ocrx_word' id='word_1_289' title='bbox 710 3067 863 3137; x_wconf 82' lang='lat' dir='ltr'><strong>Marcello,</strong></span> <span class='ocrx_word' id='word_1_290' title='bbox 879 3076 913 3130; x_wconf 92' lang='lat' dir='ltr'><strong>ut</strong></span> <span class='ocrx_word' id='word_1_291' title='bbox 927 3087 963 3130; x_wconf 87' lang='lat' dir='ltr'><strong>ex</strong></span> <span class='ocrx_word' id='word_1_292' title='bbox 978 3071 1016 3129; x_wconf 94' lang='lat' dir='ltr'><strong>iis</strong></span> <span class='ocrx_word' id='word_1_293' title='bbox 1032 3087 1169 3150; x_wconf 90' lang='lat' dir='ltr'><strong>praesen·</strong></span> <span class='ocrx_word' id='word_1_294' title='bbox 1253 3073 1256 3124; x_wconf 83' lang='lat'>1</span> 
     </span>
    </p>
   </div>
   <div class='ocr_carea' id='block_1_11' title="bbox 202 3145 1172 3316">
    <p class='ocr_par' dir='ltr' id='par_1_12' title="bbox 202 3145 1172 3316">
     <span class='ocr_line' id='line_1_43' title="bbox 209 3145 1169 3234; baseline 0.007 -27"><span class='ocrx_word' id='word_1_295' title='bbox 209 3145 287 3228; x_wconf 87' lang='lat' dir='ltr'><strong>tibus</strong></span> <span class='ocrx_word' id='word_1_296' title='bbox 302 3163 426 3208; x_wconf 88' lang='lat' dir='ltr'><strong>noscere</strong></span> <span class='ocrx_word' id='word_1_297' title='bbox 440 3157 539 3228; x_wconf 88' lang='lat' dir='ltr'><strong>patres</strong></span> <span class='ocrx_word' id='word_1_298' title='bbox 552 3157 690 3229; x_wconf 86' lang='lat' dir='ltr'><strong>possent,</strong></span> <span class='ocrx_word' id='word_1_299' title='bbox 716 3171 774 3232; x_wconf 89' lang='lat' dir='ltr'><strong>quo</strong></span> <span class='ocrx_word' id='word_1_300' title='bbox 792 3161 867 3213; x_wconf 90' lang='lat' dir='ltr'><strong>statu</strong></span> <span class='ocrx_word' id='word_1_301' title='bbox 887 3171 935 3214; x_wconf 92' lang='lat' dir='ltr'><strong>res</strong></span> <span class='ocrx_word' id='word_1_302' title='bbox 950 3153 1071 3234; x_wconf 89' lang='lat' dir='ltr'><strong>publica</strong></span> <span class='ocrx_word' id='word_1_303' title='bbox 1086 3161 1169 3224; x_wconf 89' lang='lat' dir='ltr'><strong>esset,</strong></span> 
     </span>
     <span class='ocr_line' id='line_1_44' title="bbox 202 3234 1172 3316; baseline 0.008 -24"><span class='ocrx_word' id='word_1_304' title='bbox 202 3234 386 3311; x_wconf 89' lang='lat' dir='ltr'><strong>consiliaque</strong></span> <span class='ocrx_word' id='word_1_305' title='bbox 406 3251 442 3294; x_wconf 82' lang='lat' dir='ltr'><strong>ex</strong></span> <span class='ocrx_word' id='word_1_306' title='bbox 463 3235 554 3296; x_wconf 85' lang='lat' dir='ltr'><strong>rebus</strong></span> <span class='ocrx_word' id='word_1_307' title='bbox 574 3244 726 3316; x_wconf 88' lang='lat' dir='ltr'><strong>caperent.</strong></span> <span class='ocrx_word' id='word_1_308' title='bbox 765 3239 818 3316; x_wconf 88' lang='lat' dir='ltr'><strong>qui</strong></span> <span class='ocrx_word' id='word_1_309' title='bbox 839 3239 928 3298; x_wconf 89' lang='lat' dir='ltr'><strong>acciti</strong></span> <span class='ocrx_word' id='word_1_310' title='bbox 945 3245 1045 3310; x_wconf 90' lang='lat' dir='ltr'><strong>erant,</strong></span> <span class='ocrx_word' id='word_1_311' title='bbox 1071 3257 1172 3300; x_wconf 89' lang='lat' dir='ltr'><strong>omnes</strong></span> 
     </span>
    </p>
   </div>
   <div class='ocr_carea' id='block_1_12' title="bbox 168 3315 1256 3399">
    <p class='ocr_par' dir='ltr' id='par_1_13' title="bbox 168 3315 1256 3399">
     <span class='ocr_line' id='line_1_45' title="bbox 168 3315 1256 3399; baseline 0.016 -32"><span class='ocrx_word' id='word_1_312' title='bbox 168 3321 347 3375; x_wconf 80' lang='lat' dir='ltr'><strong>arcuerunt</strong></span> <span class='ocrx_word' id='word_1_313' title='bbox 360 3315 474 3376; x_wconf 90' lang='lat' dir='ltr'><strong>relictis</strong></span> <span class='ocrx_word' id='word_1_314' title='bbox 488 3317 602 3394; x_wconf 82' lang='lat' dir='ltr'><strong>legatis,</strong></span> <span class='ocrx_word' id='word_1_315' title='bbox 619 3323 671 3398; x_wconf 91' lang='lat' dir='ltr'><strong>qui</strong></span> <span class='ocrx_word' id='word_1_316' title='bbox 686 3321 855 3398; x_wconf 81' lang='lat' dir='ltr'><strong>legionibus</strong></span> <span class='ocrx_word' id='word_1_317' title='bbox 869 3331 1053 3399; x_wconf 88' lang='lat' dir='ltr'><strong>praeessent.</strong></span> <span class='ocrx_word' id='word_1_318' title='bbox 1080 3324 1171 3383; x_wconf 88' lang='lat' dir='ltr'><strong>dicta·</strong></span> <span class='ocrx_word' id='word_1_319' title='bbox 1255 3345 1256 3350; x_wconf 48' lang='lat'>¹</span> 
     </span>
    </p>
   </div>
   <div class='ocr_carea' id='block_1_13' title="bbox 202 3396 1172 3566">
    <p class='ocr_par' dir='ltr' id='par_1_14' title="bbox 202 3396 1172 3566">
     <span class='ocr_line' id='line_1_46' title="bbox 202 3396 1172 3488; baseline 0.019 -40"><span class='ocrx_word' id='word_1_320' title='bbox 202 3396 300 3488; x_wconf 75' lang='lat' dir='ltr'><strong>tonde</strong></span> <span class='ocrx_word' id='word_1_321' title='bbox 316 3415 347 3456; x_wconf 90' lang='lat' dir='ltr'><strong>se</strong></span> <span class='ocrx_word' id='word_1_322' title='bbox 363 3415 455 3474; x_wconf 91' lang='lat' dir='ltr'><strong>pauca</strong></span> <span class='ocrx_word' id='word_1_323' title='bbox 472 3417 506 3460; x_wconf 91' lang='lat' dir='ltr'><strong>ac</strong></span> <span class='ocrx_word' id='word_1_324' title='bbox 525 3401 642 3462; x_wconf 88' lang='lat' dir='ltr'><strong>modice</strong></span> <span class='ocrx_word' id='word_1_325' title='bbox 657 3403 774 3464; x_wconf 89' lang='lat' dir='ltr'><strong>locutus</strong></span> <span class='ocrx_word' id='word_1_326' title='bbox 794 3407 825 3464; x_wconf 95' lang='lat' dir='ltr'><strong>in</strong></span> <span class='ocrx_word' id='word_1_327' title='bbox 841 3407 1015 3481; x_wconf 81' lang='lat' dir='ltr'><strong>magistrum</strong></span> <span class='ocrx_word' id='word_1_328' title='bbox 1026 3410 1172 3486; x_wconf 83' lang='lat' dir='ltr'><strong>equitum</strong></span> 
     </span>
     <span class='ocr_line' id='line_1_47' title="bbox 203 3471 1170 3566; baseline 0.022 -37"><span class='ocrx_word' id='word_1_329' title='bbox 203 3471 248 3530; x_wconf 84' lang='lat' dir='ltr'><strong>Tr.</strong></span> <span class='ocrx_word' id='word_1_330' title='bbox 265 3475 473 3554; x_wconf 90' lang='lat' dir='ltr'><strong>Sempronium</strong></span> <span class='ocrx_word' id='word_1_331' title='bbox 489 3481 655 3544; x_wconf 87' lang='lat' dir='ltr'><strong>Gracchum</strong></span> <span class='ocrx_word' id='word_1_332' title='bbox 678 3505 815 3563; x_wconf 86' lang='lat' dir='ltr'><strong>magnam</strong></span> <span class='ocrx_word' id='word_1_333' title='bbox 835 3496 951 3566; x_wconf 90' lang='lat' dir='ltr'><strong>partem</strong></span> <span class='ocrx_word' id='word_1_334' title='bbox 974 3489 1089 3566; x_wconf 84' lang='lat' dir='ltr'><strong>gloriae</strong></span> <span class='ocrx_word' id='word_1_335' title='bbox 1107 3507 1170 3550; x_wconf 86' lang='lat' dir='ltr'><strong>ver·-</strong></span> 
     </span>
    </p>
   </div>
   <div class='ocr_carea' id='block_1_14' title="bbox 0 0 1280 3956">
    <p class='ocr_par' dir='ltr' id='par_1_15' title="bbox 0 0 1280 3956">
     <span class='ocr_line' id='line_1_48' title="bbox 0 0 1280 3956; baseline 0 0"><span class='ocrx_word' id='word_1_336' title='bbox 0 0 1280 3956; x_wconf 95' lang='lat' dir='ltr'><strong> </strong></span> 
     </span>
    </p>
   </div>
  </div>
 </body>
</html>
