2542 3956
224 203 288 268 274
401 216 496 260 nmen
508 215 586 258 xm.
602 213 671 258 oar.
688 203 730 257 tt.
744 201 786 254 15.
803 190 843 276 [a.
857 215 889 256 n.
907 215 933 255 o.
949 187 1020 279 5371

175 372 214 424 11
227 383 276 425 res
294 364 397 425 nostri.
426 362 477 424 sed
491 364 536 424 vir
550 380 584 423 ao
602 380 670 423 rere
685 363 850 432 Romanus,
872 377 930 440 quo
945 359 993 420 die
1008 359 1195 425 dictatorem

214 458 295 508 'eum
313 466 350 509 ex
364 448 538 509 anctoritate
552 454 670 525 patrum
690 447 830 524 iussuque
852 442 954 524 populi
969 444 1081 506 dictum
1099 448 1196 507 Veios

225 530 346 591 allatum
359 538 417 601 est,
440 548 508 591 cum
524 537 602 590 esset
615 530 687 588 satis
706 527 796 588 altum
810 526 988 598 Ianiculum,
1009 527 1062 589 ubi
1078 529 1196 590 sedens
1252 575 1253 584 ,

223 620 429 694 prospectaret
444 614 577 684 bostem,
599 611 751 673 descendit
770 612 802 672 in
823 629 926 672 aecum
949 618 1037 691 atque
1052 610 1105 672 illo
1120 613 1195 692 ipso
1252 611 1253 622 ’

224 697 272 758 die
283 694 382 760 media
392 698 424 758 ln
435 695 522 767 urbe,
537 715 594 776 qua
622 713 701 756 nunc
711 694 795 756 busta
808 693 917 756 Gallica
928 700 1011 765 sunt,
1024 705 1054 758 et
1063 703 1194 774 postero

182 788 215 839 12
226 781 274 842 die
295 783 370 841 citra
390 779 498 843 Gabios
517 779 625 841 cecidit
643 777 793 840 Gallorum
818 775 959 856 legiones.
1001 779 1092 858 quidi
1118 787 1194 859 post

225 862 333 925 multos
348 881 441 925 annos
455 880 522 924 cum
537 863 574 924 ad
590 859 731 924 Furculas
742 861 885 923 Caudinas
900 860 937 922 ab
952 861 1085 922 Samnite
1099 862 1192 924 hoste

223 946 392 1025 subiugum
406 947 487 1006 missi
503 963 620 1016 sumus,
634 953 733 1007 unum
748 944 867 1006 tandem
881 944 914 1005 L.
926 945 1061 1024 Papirius
1075 946 1194 1007 Cursor

223 1033 292 1108 iuga
306 1031 418 1091 Samnii
430 1028 638 1108 perlustrando
652 1046 690 1090 an
704 1029 858 1089 Luceriam
869 1027 1032 1106 premendo
1044 1027 1192 1090 obsiden-

224 1114 321 1192 doque
337 1118 366 1173 et
383 1111 552 1174 lacessendo
565 1114 705 1173 victorem
721 1113 836 1172 hostem
854 1109 1008 1191 depulsum
1023 1110 1060 1172 ab
1074 1111 1191 1173 Romo·

181 1204 214 1257 13
223 1197 270 1256 nis
282 1194 446 1258 cervicibus
464 1195 564 1273 iugum
584 1196 713 1274 superbo
729 1149 854 1255 Samnid
876 1195 1022 1274 inposuit!
1047 1194 1140 1255 modo
1157 1197 1190 1257 C.

223 1279 339 1340 Lutatio
354 1297 430 1360 quae
444 1276 499 1340 alia
515 1297 564 1340 res
576 1298 664 1358 quam
680 1277 815 1339 celeritas
829 1278 979 1339 victoriam
992 1276 1089 1348 dedit,
1105 1279 1190 1357 quod

222 1371 343 1443 postero
355 1362 419 1433 die,
435 1382 522 1442 quam
534 1363 649 1423 hostem
661 1362 740 1432 ridit,
764 1360 888 1422 classem
906 1378 1023 1439 gravem
1036 1378 1188 1422 commea·

223 1446 318 1518 tibus,
337 1447 498 1526 inpeditam
520 1453 637 1506 suomet
655 1447 749 1523 ipsam
769 1446 964 1505 instrumento
985 1451 1074 1522 atque
1095 1444 1188 1524 adpa-

181 1539 214 1589 14
226 1539 306 1601 ratu,
326 1530 490 1609 oppressit?
513 1528 634 1590 stultitia
656 1536 700 1590 est
727 1527 857 1590 sedendo
877 1536 929 1589 aut
948 1529 1022 1587 votis
1042 1526 1188 1588 debellari

222 1613 345 1674 eredere
359 1631 461 1691 posse:
478 1631 561 1673 arma
572 1613 670 1690 capias
686 1618 803 1690 oportet
813 1617 843 1672 et
858 1610 1019 1671 descendas
1032 1611 1064 1670 ln
1079 1629 1187 1671 aecum

223 1703 252 1756 et
269 1697 313 1754 vir
328 1713 395 1756 eum
417 1697 479 1755 viro
500 1695 716 1772 congrediaris:
743 1695 879 1756 audendo
893 1701 980 1773 atque
1000 1694 1115 1772 agendo
1136 1713 1186 1755 res

223 1779 355 1838 Romana
380 1779 486 1847 crevit,
509 1795 568 1836 non
589 1778 636 1837 his
658 1778 799 1856 segnibus
822 1777 966 1846 consiliis,
992 1794 1067 1857 quae
1088 1778 1185 1838 timidi

180 1869 213 1919 15
226 1868 309 1922 cauta
321 1868 456 1921 vocant.“
484 1862 557 1921 haee
573 1859 652 1921 velut
664 1862 844 1922 contionanti
859 1862 985 1922 Minucio
1002 1861 1185 1920 circumfun-

222 1944 348 2006 debatur
374 1943 560 2005 tribunorum
582 1946 771 2023 equitumque
792 1945 993 2005 Romanorum
1015 1942 1182 2014 multitudo,

223 2028 304 2090 etad
324 2045 411 2089 aures
433 2045 548 2108 quoque
574 2027 698 2088 militum
723 2027 800 2088 dicta
824 2028 935 2088 ferocia
959 2026 1183 2097 evolvebantur,

222 2128 270 2181 ao,
293 2113 319 2170 si
339 2110 473 2172 militaris
494 2111 624 2189 suffragii
643 2129 692 2172 res
713 2118 804 2181 esset,
833 2111 913 2174 baud
934 2110 1022 2171 dubie
1047 2109 1185 2172 lerebant

225 2193 385 2255 Minucium
400 2193 491 2254 Fabio
502 2195 576 2254 duci
593 2193 877 2273 praelaturoseess·

195 2283 208 2334 t
283 2277 343 2339 XV.
370 2277 478 2339 Fabius
489 2279 600 2356 pariter
612 2279 643 2338 in
658 2295 727 2338 suos
741 2277 820 2338 haud
832 2279 931 2339 minus
941 2296 1028 2358 55515
1041 2281 1075 2339 in
1089 2279 1185 2340 bostis
1251 2279 1252 2366 l

221 2361 365 2431 intentus,
382 2363 466 2440 prius
480 2361 517 2422 ab
532 2358 590 2421 illis
603 2363 744 2422 invictum
760 2362 892 2422 animum
909 2368 1047 2441 praestat.
1079 2381 1182 2442 qnam·
1251 2371 1252 2442 t

222 2462 310 2523 quam
326 2443 420 2524 probe
435 2447 491 2504 scit
505 2463 564 2505 nou
580 2446 611 2504 in
628 2446 732 2504 castris
749 2445 837 2505 modo
852 2446 928 2515 suis,
951 2444 1003 2506 sed
1018 2447 1077 2505 iem
1093 2447 1181 2506 etiam
1251 2443 1252 2502 l

221 2527 331 2589 Romae
342 2529 482 2590 inlamem
492 2545 575 2588 suam
587 2529 803 2588 cunctationem
816 2546 889 2599 esse,
906 2528 1067 2590 obstinatus
1083 2535 1182 2591 tamen

196 2617 327 2673 etenore
344 2612 447 2673 eodem
469 2610 658 2672 consiliorum
682 2613 799 2672 aestatis
813 2609 958 2692 reliquom
981 2614 1120 2682 extraxit,
1150 2621 1182 2674 ut

223 2693 369 2755 Hannibal
392 2695 547 2757 destitutus
567 2694 604 2755 ab
627 2711 679 2772 spe
702 2713 816 2756 summa
837 2714 893 2776 ope
906 2697 991 2778 petiti
1011 2697 1181 2758 certaminis

221 2776 280 2835 iam
296 2776 428 2838 hibernis
444 2778 541 2840 locum
566 2779 840 2858 circumspectaret,
862 2781 930 2860 quia
947 2798 980 2841 ea
994 2781 1077 2858 regio
1093 2797 1178 2858 prae·

220 2859 314 2920 sentis
329 2865 393 2918 erat
414 2861 530 2939 coplae,
554 2879 614 2922 non
634 2871 812 2941 perpetuae,
836 2863 954 2925 arbusta
974 2864 1134 2943 vineaeque
1149 2871 1178 2925 et

223 2941 336 3002 consita
352 2943 451 3002 omnia
465 2945 558 3020 magis
573 2947 703 3006 amoenis
719 2965 806 3025 quam
828 2948 1001 3009 necessariis
1023 2945 1178 3008 fructibus.

197 3033 213 3085 3
226 3025 299 3087 haec
314 3043 368 3106 per
383 3024 583 3105 exploratores
599 3026 693 3090 relata
705 3028 805 3091 Fabio.
843 3049 909 3091 cum
924 3032 994 3091 satis
1016 3031 1106 3091 sciret
1122 3049 1178 3109 per

222 3109 340 3170 easdem
356 3111 516 3188 angustias,
536 3110 642 3192 quibus
652 3112 814 3174 intraverat
827 3113 982 3175 Falernum
995 3131 1112 3191 agrum,
1128 3131 1175 3174 re·

222 3193 368 3263 diturum,
392 3192 559 3256 Calliculam
574 3201 705 3256 montem
724 3205 754 3257 et
769 3197 927 3259 Casilinum
945 3203 1068 3275 occupat
1082 3196 1175 3256 modi-

223 3277 265 3334 cis
279 3277 440 3352 praesidiis,
458 3297 532 3356 quae
543 3278 615 3339 urbs
626 3279 769 3340 Vulturno
780 3279 901 3341 llumine
916 3281 1060 3358 dirempta
1075 3278 1174 3341 Faler·
1250 3297 1251 3361 q

190 3363 293 3414 «tnum
308 3375 324 3415 a
339 3359 486 3436 Campano
504 3379 575 3438 agro
596 3361 711 3430 dividit;
733 3365 795 3441 ipse
811 3365 886 3440 iugis
903 3364 998 3424 isdem
1014 3363 1173 3424 exercitum
1250 3363 1251 3418 l

222 3435 337 3496 reducit
363 3442 452 3499 misso
476 3443 658 3521 exploratum
684 3463 752 3505 cum
776 3445 998 3525 quadringentis
1028 3445 1174 3525 equitibus
