2538 3946
285 331 381 374 3131111
394 333 458 374 xxo.
472 331 540 374 311.
557 319 601 374 62.
615 319 660 374 113.
677 309 716 394 [11.
731 314 765 376 O.
780 311 842 393 1181
980 317 1045 380 257

73 482 246 559 ingenumn
257 480 399 540 infantem
406 486 577 542 semestrem
590 481 621 540 in
636 479 701 542 loro
712 475 849 543 holitorio
861 480 1042 559 triumphum

77 564 243 637 clamasse,
258 565 366 624 311313
381 563 482 624 boario
498 563 602 624 bovem
617 565 648 623 in
659 565 775 626 tertiam
794 561 1072 643 contignationema

74 666 138 708 sua
152 653 257 728 sponte
272 647 439 708 escendisse
450 654 536 726 atque
551 646 621 707 inde
631 647 758 708 tumultu
769 647 966 710 habitatorum
981 656 1041 709 ter·

77 733 174 800 ritum
190 749 255 792 sese
266 730 416 800 deiecisse,
430 737 459 790 31
470 731 586 792 navium
597 731 724 810 speciem
739 730 775 791 de
786 731 867 792 caelo
879 730 1041 802 adfulsisse,
1053 739 1072 788 1

78 822 114 876 31
131 814 235 876 aedem
250 815 333 893 Spei,
350 831 425 893 quae
440 821 485 878 cst
500 815 530 874 in
546 813 611 874 loro
632 813 785 883 holitorio,
807 813 930 878 fulmine
943 816 1041 886 ictam,

78 906 115 958 et
131 898 242 959 Lanuvi
262 899 376 959 hastam
397 915 430 958 se
452 898 658 968 commovisse,
688 905 718 958 31
743 916 862 960 corvum
885 900 916 958 in
939 899 1041 960 aedem

78 981 207 1041 lunonis
220 980 369 1043 deuolasse
388 988 475 1061 atque
494 983 526 1042 in
544 982 607 1060 ipso
631 980 796 1060 pidrinario
814 981 996 1052 consedisse,
1013 987 1071 1043 eth

78 1067 116 1125 in
135 1081 206 1142 agro
226 1065 408 1126 Amiternino
429 1064 530 1126 multis
550 1063 624 1125 locis
646 1065 798 1126 hominum
819 1066 916 1145 specie
937 1063 1041 1144 procul

78 1147 210 1209 candida
225 1157 305 1210 veste
320 1151 396 1210 risos
413 1166 468 1210 nec
482 1167 548 1210 cum
565 1147 625 1209 ullo
639 1165 827 1226 congressos,
844 1156 874 1208 et
886 1149 917 1220 in
932 1147 1041 1209 Piceno

78 1231 230 1310 lapidibus
243 1231 385 1311 pluvisse,
404 1240 434 1294 et
445 1233 537 1295 Caere
551 1239 646 1294 sortes
660 1239 844 1303 extenuatas,
861 1233 933 1294 etin
949 1230 1041 1292 Galba

80 1315 187 1394 lupum
213 1315 292 1394 vigili
319 1315 447 1393 gladium
478 1316 638 1394 exregina
665 1324 781 1394 raptum
802 1315 965 1376 abstulisse.
1002 1315 1069 1377 obt

80 1407 184 1459 cetera
201 1399 335 1477 prodigia
355 1398 447 1460 libros
468 1399 549 1463 adire
569 1399 726 1459 decemviri
743 1400 827 1468 iussi;
850 1398 928 1477 quod
944 1405 1041 1460 autem

81 1481 233 1560 lapidibus
243 1481 383 1561 pluvisset
397 1483 432 1542 in
441 1482 564 1553 Piceno,
580 1481 761 1543 novemdiale
771 1500 886 1543 sacrum
903 1481 1039 1553 edictum,

81 1575 116 1625 et
130 1564 256 1626 subinde
271 1563 335 1626 aliis
344 1565 539 1644 procurandis
548 1583 643 1644 prope
655 1572 715 1627 tota
727 1566 826 1628 civitas
841 1573 961 1644 operata
975 1565 1038 1625 luit.

81 1651 144 1708 iam
160 1650 288 1727 primum
298 1650 428 1709 omnium
441 1648 513 1711 urbs
523 1647 645 1710 lustrata
659 1657 712 1726 est,
727 1649 899 1728 hostiaeque
914 1649 1069 1714 1113131337

82 1730 192 1812 quibus
215 1731 324 1794 editum
346 1739 391 1793 331
410 1732 466 1794 diis
488 1750 603 1803 caesae,
629 1741 659 1794 et
677 1732 844 1794 donumex
864 1732 927 1792 auri
941 1731 1069 1812 pondos

81 1813 278 1895 quadraginta
293 1817 454 1878 Lanuuium
468 1813 526 1897 [et]
540 1817 646 1878 lunoni
655 1826 804 1896 portatum
815 1824 871 1886 est,
885 1822 914 1875 et
925 1817 1041 1894 signnm
1082 1819 1085 1825 '

82 1917 212 1960 aeneum
238 1907 389 1960 matronae
412 1900 518 1961 lunoni
545 1902 576 1960 in
593 1900 736 1961 Aventino
759 1899 981 1968 dedicaverunt,
1012 1907 1041 1959 et

82 1981 298 2044 lectisternium
314 1983 419 2054 Caere,
434 1983 485 2044 ubi
499 1991 594 2046 sortes
608 1984 781 2044 adtenuatae
797 1990 895 2053 erant,
912 1985 1040 2060 impera-

82 2076 163 2136 tum,
179 2074 209 2127 et
223 2065 396 2146 supplicatio
411 2067 557 2129 Fortunae
571 2068 603 2126 in
616 2064 734 2144 Algido;
751 2065 861 2126 Itomae
879 2083 996 2144 quoque
1012 2071 1069 2124 ete

83 2148 298 2211 lectisternium
321 2150 478 2220 Iuventati,
503 2157 532 2210 et
545 2148 719 2228 supplicatio
734 2148 770 2208 ad
789 2147 891 2208 aedem
905 2147 1041 2208 Herculis

83 2235 274 2303 nominatim,
290 2233 397 2294 deinde
410 2235 548 2293 universo
559 2231 669 2311 populo
680 2232 759 2292 circa
769 2231 868 2291 omnia
879 2229 1041 2310 pulvinaria

83 2315 205 2386 indicta,
213 2313 1039 2394 316311333131331133113333333331133113,3101111133
1050 2321 1086 2372 10

84 2399 232 2459 Serranus
242 2406 362 2477 praetor
372 2405 439 2459 vota
453 2399 603 2477 suscipere
619 2399 730 2468 iussus,
744 2399 770 2458 si
784 2399 816 2457 in
830 2397 932 2458 decem
947 2414 1040 2457 annos

82 2499 134 2542 res
144 2481 599 2560 publicaeodemstetissetstatu.
616 2481 690 2542 haec
706 2488 863 2560 procurata
871 2486 993 2559 votaque
1005 2487 1081 2540 exn

84 2563 169 2625 libris
177 2563 328 2644 Sibyllinis
334 2566 441 2642 magna
452 2584 488 2629 ex
494 2572 578 2645 parte
585 2564 753 2626 levaverant
766 2562 910 2642 religione
916 2565 1038 2625 animos.

148 2648 247 2710 Llllll.
281 2647 439 2710 Consulum
461 2649 680 2726 designatorum
702 2647 776 2716 alter
790 2646 965 2717 Flaminius,
992 2643 1064 2708 cuii

85 2749 137 2794 eae
151 2731 291 2810 legiones
304 2750 378 2811 quae
384 2731 550 2794 Placentiae
561 2731 770 2804 hibernabant,
783 2738 863 2792 sorte
872 2738 1038 2802 evenerant,

85 2815 211 2877 edictum
228 2823 258 2876 et
271 2815 383 2877 litteras
401 2816 437 2878 ad
455 2815 605 2879 consulem
620 2816 713 2886 misit,
736 2821 770 2875 ut
783 2816 809 2876 is
824 2815 970 2876 exercitus
984 2815 1038 2874 idi·

83 2899 139 2961 hus
153 2901 265 2962 Martiis
281 2901 406 2962 Arimin
426 2900 542 2962 adesset
561 2901 592 2960 in
615 2899 728 2960 castris.
765 2899 815 2960 hic
839 2899 869 2959 in
889 2899 1068 2978 provincias

84 2983 268 3046 consulatum
282 2986 360 3045 inire
375 2983 530 3046 consilium
542 2991 606 3045 erat
618 2985 745 3044 memori
756 2989 888 3044 veterum
902 2985 1038 3044 certami-

84 3083 156 3126 num
169 3085 236 3128 cum
256 3066 404 3146 patribus,
428 3087 502 3149 quae
523 3067 659 3130 tribunus
679 3067 774 3147 plebis
794 3074 823 3128 et
842 3085 918 3147 quae
936 3074 1040 3145 postea

84 3147 187 3209 consul
196 3151 280 3227 prius
295 3151 332 3210 de
343 3152 503 3222 consulatu,
520 3154 571 3232 qui
583 3151 794 3230 abrogabatur,
806 3151 874 3210 dein
887 3149 923 3210 de
935 3149 1038 3212 trium-

84 3232 143 3311 pbo
167 3231 325 3302 habuerat,
349 3235 459 3294 13113113
481 3236 568 3294 3113111
588 3234 721 3311 patribus
743 3232 781 3292 ob
804 3249 909 3292 noram
932 3230 1068 3310 legemt

84 3333 171 3394 quam
187 3315 221 3386 0.
238 3313 374 3376 Claudius
389 3315 632 3395 tribunusplebis
647 3316 785 3376 adversus
803 3321 936 3376 senatum
952 3322 1039 3393 atque

85 3417 142 3474 uno
152 3406 269 3478 ‘patrum
282 3398 435 3461 adiuvante
451 3399 482 3461 (l.
497 3398 641 3462 Flaminio
651 3398 772 3467 tulerat,
787 3415 826 3458 ne
841 3400 905 3477 quis
921 3407 1039 3468 senator

86 3474 165 3542 chire
179 3490 299 3544 senator
316 3489 400 3562 pater
420 3483 525 3544 luisset
543 3483 720 3544 maritimam
740 3499 858 3552 navem,
881 3500 956 3561 quae
973 3481 1038 3560 plus

85 3583 169 3644 quam
191 3574 390 3627 trecentarum
417 3565 623 3646 amphorarum
644 3573 733 3637 esset,
762 3565 895 3627 haberet.
919 3565 949 3625 id
970 3567 1070 3626 331134

125 3681 149 3715 1.
162 3679 305 3717 31111113
318 3681 351 3716 11.
787 3657 827 3715 17
