2538 3946
337 191 431 234 mann
445 195 475 234 x.
500 191 568 234 cnr.
586 181 629 232 40.
646 180 689 235 41.
705 171 745 255 [e.
764 176 799 237 0.
815 174 876 256 293]
1027 181 1088 246 193

124 339 286 422 tripudium
311 341 477 401 nuntiatum
500 341 609 420 populo
626 341 760 402 Romano
781 343 981 422 exercituique
1002 361 1086 422 egre·

124 425 205 502 glum
223 426 384 504 auspicium
399 433 475 485 est.“
505 425 726 504 centurionibus
740 424 847 486 deinde
860 427 1029 506 imperavit,
1042 429 1086 488 uti
1096 434 1133 486 ts

121 506 265 586 pullarios
284 510 363 568 inter
383 509 478 586 prima
496 510 580 586 signa
601 511 824 570 constituerent.
861 519 1037 589 promovent
1057 518 1088 571 et

122 591 270 652 Samnites
284 593 383 670 signa;
400 593 566 672 insequitur
580 595 659 652 acies
675 601 778 654 ornata
790 600 975 673 armataque,
988 602 1020 654 ut
1032 595 1086 655 bo·

121 675 217 736 stibus
231 692 349 755 quoque
359 676 546 754 magnificum
561 676 761 755 spectaculum
784 683 870 737 esset.
911 679 1083 757 priusquam
1096 686 1129 738 ta

121 757 236 819 clamor
246 757 399 820 tolleretur
411 769 711 840 commoreturque,
730 761 837 822 emisso
847 768 960 821 temere
970 761 1031 840 pilo
1043 763 1085 822 ic-

120 848 170 902 tus
187 840 331 921 pullarius
346 850 414 904 ante
427 845 511 921 signa
523 844 637 904 cecidit.
670 844 748 923 quod
766 843 817 904 ubi
833 844 947 906 consuli
968 846 1085 906 nuntia-

118 935 182 986 tum
200 933 258 988 esta
272 973 290 998 ,‚
299 926 339 987 dii
354 928 385 987 in
397 926 510 1006 proelio
521 935 616 989 sunt“
630 929 740 1007 inquit,
757 927 873 999 „habet
886 946 1012 1007 poenam
1030 947 1083 990 no·

55 1007 60 1014 '
116 1009 1082 1090 xiumoaput.“anteconsulemhaecdioentemcorvusvoceclara
1095 1019 1129 1070 14

115 1095 264 1163 occinuit:
291 1111 349 1176 quo
364 1092 458 1156 laetus
472 1096 595 1173 augurio
613 1094 730 1166 consul,
746 1096 905 1156 adfirmans
924 1113 1085 1175 numquam

52 1173 53 1176 ’
114 1177 258 1239 humanis
282 1178 372 1240 rebus
392 1179 486 1256 magis
507 1187 680 1258 praesentes
700 1178 870 1240 interfuisse
891 1178 977 1250 deos.
1001 1182 1085 1259 signa

113 1279 229 1323 canere
246 1268 275 1321 et
290 1261 451 1322 clamorem
463 1260 527 1322 tolli
541 1263 633 1322 iussit.

178 1344 257 1406 xtt.
301 1344 451 1406 Proelium
481 1347 669 1407 commissum
699 1353 795 1417 atrox,
834 1355 967 1408 ceterum
995 1347 1110 1425 longel

113 1427 289 1509 disparibus
314 1429 434 1489 animis:
461 1427 611 1490 Romanos
636 1431 681 1491 ira
703 1449 771 1510 spes
796 1429 886 1491 ardor
913 1433 1083 1492 certaminis

29 1525 35 1565 s
58 1585 65 1592 ,
112 1511 219 1574 avidos
240 1510 370 1573 bostium
389 1513 539 1590 sanguinis
563 1515 596 1574 in
617 1513 765 1593 proelium
785 1517 877 1594 rapit;
907 1514 1083 1576 Samnitium

33 1633 35 1659 ;
96 1613 258 1674 ‚magnam
277 1603 394 1676 partem
420 1599 580 1658 necessitas
605 1615 639 1659 ac
664 1596 769 1678 religio
793 1599 899 1660 invitos
920 1600 1013 1676 magis
1034 1616 1082 1658 re-

34 1677 44 1736 f
94 1675 222 1743 {sistere
239 1693 328 1759 quam
339 1679 452 1742 inferre
466 1699 596 1760 pugnam
612 1684 701 1761 cogit.
731 1700 787 1743 nec
798 1684 1006 1744 sustinuissent
1020 1684 1112 1762 pri-2

31 1770 36 1788 ”
95 1767 195 1826 §mum
215 1762 379 1825 clamorem
399 1771 486 1844 atque
506 1767 650 1845 impetum
666 1767 881 1839 Romanorum,
902 1758 957 1847 per¹
971 1762 1083 1846 aliquot

52 1866 169 1913 ¹ana
187 1865 287 1908 annos
301 1848 379 1908 vinci
395 1848 522 1919 adsueti,
538 1851 570 1909 nl
586 1851 734 1929 potentior
753 1849 826 1910 alius
840 1860 936 1912 metus
950 1850 1081 1911 insidens

30 1931 52 1957 ’”
104 1929 288 2014 pectoribus
304 1951 321 1993 a
335 1931 405 2011 fuga
420 1934 573 1994 retineret.
603 1934 712 2014 quippe
732 1935 764 1993 in
786 1933 880 1994 oculis
902 1939 966 1994 erat
986 1935 1083 1994 omnis
1095 1943 1115 1994 3-

103 2015 159 2080 ille
177 2013 293 2078 occulti
309 2023 429 2095 paratus
449 2019 526 2078 sacri
541 2025 571 2078 et
585 2018 691 2077 armati
707 2016 876 2076 sacerdotes
892 2022 921 2075 et
934 2017 1081 2094 promisca
1117 2017 1120 2022 '

102 2102 272 2164 hominum
288 2100 495 2179 pecudumque
512 2107 626 2177 strages
641 2105 671 2159 et
693 2117 848 2178 respersae
864 2099 954 2159 fando
977 2098 1080 2160 nefan-

103 2186 210 2265 doque
226 2184 374 2259 sanguine
389 2199 458 2242 arae
473 2190 502 2243 et
522 2181 585 2242 dira
601 2184 749 2242 execratio
770 2201 804 2243 ao
824 2183 930 2244 furiale
951 2201 1080 2253 carmen,

101 2262 308 2332 detestandae
325 2263 453 2326 familiae
463 2267 607 2345 stirpique
622 2267 825 2344 conpositum:
842 2267 879 2326 iis
894 2264 1018 2327 vinculis
1035 2267 1081 2326 fu·

101 2369 162 2434 gae
179 2347 323 2410 obstricti
338 2346 469 2419 stabant,
485 2350 577 2408 civem
593 2351 687 2427 magis
699 2368 785 2428 quam
801 2350 917 2411 hostem
931 2351 1079 2410 timentes.
1116 2384 1121 2394 .

97 2441 221 2500 instare
234 2431 390 2492 Romanus
401 2449 418 2492 a
428 2448 523 2492 cornu
533 2437 675 2512 utroque,
687 2451 704 2493 a
715 2433 812 2494 media
823 2435 901 2504 acie,
914 2440 945 2494 et
955 2433 1110 2494 caederes
1149 2451 1156 2460 ·

99 2522 236 2584 deorum
252 2515 469 2594 bominumque
483 2517 622 2578 attonitos
635 2524 732 2586 metu;
747 2525 930 2597 repugnatur
941 2518 1079 2594 segniter,

95 2615 133 2671 ut
159 2601 275 2670 abiis,
300 2618 374 2678 quos
395 2601 485 2660 timor
506 2610 673 2662 moraretur
692 2621 710 2664 a
732 2601 810 2679 fuga.
850 2603 909 2663 iam
929 2619 1024 2680 prope
1046 2601 1111 2662 ade

96 2695 189 2772 signa
205 2681 321 2748 caedes
342 2691 532 2763 pervenerat,
554 2703 622 2746 oum
645 2703 682 2746 ex
697 2693 866 2746 transverso
886 2684 981 2765 pulvis
1001 2684 1082 2748 velut

95 2773 241 2857 ingentis
269 2769 400 2844 agminis
422 2768 542 2829 incessu
566 2776 665 2830 motus
686 2770 831 2848 apparuit.
879 2770 929 2849 Sp.
958 2769 1081 2832 Nautius

94 2897 142 2910 --
161 2854 328 2920 Octavium
345 2851 489 2913 Maecium
507 2852 627 2933 quidam
644 2871 712 2915 eum
734 2853 853 2915 tradunt
866 2887 922 2925 -,
945 2853 1003 2914 dux
1021 2854 1080 2915 ala·

93 2945 187 3009 ribus
204 2935 400 3007 cohortibus,
423 2944 502 3006 erat;
524 2937 676 3016 pulverem
694 2939 837 2999 maiorem
853 2957 942 3018 quam
955 2957 1011 3018 pro
1026 2945 1109 2998 nno

93 3045 187 3094 mero
204 3017 395 3084 excitabant:
411 3020 573 3082 insidentes
583 3021 670 3082 mulis
680 3021 797 3082 calones
811 3021 969 3082 frondosos
981 3039 1079 3080 ramos

90 3132 154 3201 per
167 3117 291 3172 terram
304 3100 472 3163 trahebant.
505 3123 587 3164 arma
601 3107 742 3182 signaque
755 3123 810 3183 per
824 3103 973 3164 turbidam
984 3102 1080 3164 lucem

90 3206 127 3266 pn
144 3197 255 3281 primo
273 3182 472 3264 apparebant;
494 3193 562 3264 post
581 3185 668 3246 altior
684 3186 861 3266 densiorque
881 3185 977 3264 pulvis
998 3189 1078 3266 equi·

92 3298 162 3351 tum
190 3273 336 3359 speciem
364 3269 533 3345 cogentium
557 3286 665 3346 agmen
690 3268 793 3338 dabat;
827 3268 990 3348 fefellitque
1018 3281 1106 3330 nona

89 3367 257 3439 Samnites
274 3350 387 3421 modo.
403 3350 456 3412 sed
474 3353 561 3412 etiam
574 3351 738 3423 Romanos,
755 3360 786 3413 et
799 3351 902 3414 consul
918 3353 1081 3416 adfirmavit

89 3465 241 3523 errorem
261 3437 423 3503 clamitans
437 3437 516 3497 inter
535 3437 630 3515 prima
645 3436 744 3514 signa,
766 3437 806 3498 ita
821 3444 855 3498 nt
868 3455 924 3498 vox
939 3439 1027 3500 etiam
1043 3439 1080 3499 ad

134 3576 164 3612 5,
185 3563 257 3606 nm
275 3551 354 3596 rens
373 3551 405 3590 11.
837 3527 877 3588 13
