2538 3946
318 197 413 246 elene
428 205 459 247 x.
475 203 544 248 cae.
560 194 603 247 ²4.
620 183 660 267 [a.
679 187 713 250 0.
728 196 788 251 29⁶·
803 189 865 273 ²95]
1015 199 1076 265 173

111 353 155 414 ibi
172 350 283 413 Fabius
298 350 364 430 plus
378 358 508 430 poterat,
531 360 666 412 revocata
681 370 730 414 res
748 353 783 415 ad
798 355 938 433 populum
953 365 1006 422 cst.
1041 359 1073 422 ln

113 439 271 505 contione,
300 442 333 495 ut
356 436 433 495 inter
455 436 596 496 militares
615 438 692 497 viros
715 446 745 498 et
764 437 848 498 lactis
869 444 1073 522 potiusquam

112 521 204 582 dietis
220 519 326 592 luctus,
342 535 434 596 pauca
449 518 537 580 rerba
555 519 663 582 lralrita.
695 520 817 591 Fabius,
833 540 920 601 quarn
936 524 1102 588 arboremo

112 604 309 671 consevisset,
331 601 435 661 nubea
456 601 555 680 legere
572 603 660 664 aliurn
681 604 810 666 iructum
830 606 984 684 indignum
1008 626 1073 670 esse

26 759 28 764 X
112 688 232 754 dicere;
248 703 280 746 se
300 687 449 764 aperuisse
464 686 734 748 Ciminiamsilram
750 691 884 768 riamque
906 709 960 769 per
975 691 1074 752 darios

25 771 28 830 l
111 771 207 832 saltus
223 771 354 830 llomano
370 766 448 829 bello
468 769 581 832 iecisse.
625 772 695 850 quid
708 790 740 832 se
755 773 784 832 id
800 775 901 834 aetatis
921 773 1103 836 sollicitae-d

24 855 26 900 l
110 863 196 924 nent,
215 853 239 912 si
256 851 312 912 alio
329 851 406 929 duce
419 855 530 929 gesturi
551 853 660 916 bellum
677 857 792 916 essenti
809 858 948 918 nimirum
970 857 1072 919 adrer-

110 940 226 998 sarium
237 954 282 1004 se,
295 952 355 996 non
366 937 479 996 socium
489 937 607 1015 imperii
618 938 723 1018 legisse
735 941 844 1000 sensim
854 941 1029 1020 exprobrat,
1045 948 1075 1004 et

110 1021 254 1081 invidisse
268 1019 389 1080 Decium
410 1021 606 1082 concordibus
622 1022 753 1100 collegiis
775 1023 876 1084 tribus.
914 1031 1102 1105 postremot

111 1121 146 1166 se
161 1103 287 1165 tendere
298 1101 371 1164 nihil
383 1101 474 1173 ultra,
491 1122 579 1182 quam
594 1114 639 1172 ut,
655 1108 680 1165 si
691 1106 811 1183 dignum
824 1109 973 1185 provincia
985 1109 1073 1171 duce·

110 1196 196 1256 rent,
214 1188 244 1246 in
264 1203 328 1246 eam
343 1187 507 1247 mitterent:
522 1189 553 1247 in
571 1197 689 1248 senatus
704 1189 826 1248 arbitrio
843 1208 874 1251 se
891 1193 980 1252 luisse
998 1195 1073 1252 etin

110 1278 259 1352 potestate
274 1269 374 1348 populi
388 1269 529 1330 futurum.
557 1270 591 1330 P.
603 1271 708 1332 [iccius
722 1282 841 1332 senatus
851 1275 988 1334 iniuriam
1001 1283 1103 1353 que-8

110 1356 250 1418 rebatur:
275 1353 370 1432 quoad
391 1355 543 1431 potuerint
559 1362 658 1432 patres
679 1354 811 1422 adnisos,
833 1372 871 1415 ne
886 1355 965 1435 plebi
978 1358 1073 1418 aditus

112 1440 152 1500 ad
166 1455 291 1516 magnos
305 1437 434 1497 honores
448 1445 540 1506 esset:
556 1445 710 1516 postquam
726 1439 787 1516 ipsa
801 1440 891 1499 virtus
906 1441 1101 1517 pervicerittl

113 1541 153 1584 ne
164 1524 196 1582 iu
208 1520 267 1581 ullo
280 1537 390 1598 genere
400 1519 553 1582 hominum
565 1523 740 1582 inhonorata
752 1530 833 1591 esest,
847 1524 958 1602 quaeri,
971 1541 1072 1602 quem·

113 1605 275 1668 admodum
294 1604 382 1664 inrita
402 1604 461 1665 sint
475 1621 534 1664 non
555 1606 693 1682 suffragia
712 1606 800 1666 modo
822 1606 936 1684 populi,
958 1608 1010 1668 sed
1026 1625 1073 1667 ar·

112 1689 202 1751 bitria
216 1690 304 1749 etiam
320 1687 453 1748 fortunae
465 1696 495 1748 et
509 1691 539 1748 in
552 1707 712 1767 paucorum
728 1698 901 1768 potestatem
913 1699 1073 1752 vertantur.

113 1774 211 1836 omnis
226 1780 294 1832 ante
311 1790 343 1832 se
359 1765 495 1832 consules
509 1775 628 1833 sortitos
649 1776 813 1852 prouincias
828 1793 906 1844 esse;
927 1793 1006 1835 nunc
1021 1793 1070 1836 ex·
1083 1781 1117 1832 lo

112 1867 161 1919 tra
181 1864 290 1916 sortem
312 1855 403 1917 Fabio
426 1864 560 1916 senatum
580 1857 760 1934 provinciam
781 1859 861 1918 dare.
904 1860 930 1918 si
950 1859 1071 1918 lionoris
1083 1864 1112 1916 11

114 1943 179 2002 eius
195 1957 296 2008 causa,
316 1940 357 1999 ita
372 1955 439 1998 eum
454 1937 490 1998 de
501 1957 533 1999 se
545 1939 639 2018 deque
655 1958 688 2000 re
708 1939 824 2018 publica
840 1942 978 2000 meritum
997 1959 1071 2009 esse,

115 2033 150 2086 ut
165 2025 260 2084 lavent
274 2023 308 2093 Q.
325 2019 408 2082 Fabii
419 2019 545 2098 gloriae,
560 2041 635 2099 quae
650 2024 738 2084 modo
755 2041 813 2083 non
829 2041 881 2082 sua
896 2023 1073 2084 contumelia

114 2107 281 2187 splendeat:
305 2105 353 2166 cui
373 2112 471 2164 autern
492 2103 613 2164 dubium
630 2122 708 2174 esse,
728 2105 779 2165 ubi
792 2123 883 2166 unum
904 2104 1014 2166 bellum
1036 2107 1073 2166 sit
1083 2115 1115 2166 12

114 2209 251 2270 asperum
265 2207 299 2249 ac
309 2185 442 2256 difficile,
459 2204 524 2247 curn
541 2187 570 2246 id
587 2187 672 2246 alteri
687 2199 769 2248 extra
784 2199 893 2250 sortem
906 2191 1087 2259 mandetur*

114 2277 186 2354 quin
201 2270 386 2334 altercousul
399 2287 455 2349 pro
467 2288 684 2348 supervacaneo
697 2282 783 2350 atque
798 2272 894 2332 inutili
911 2272 1073 2332 habeatur?

114 2358 236 2438 gloriari
257 2355 380 2416 Fabium
402 2353 492 2414 rebus
511 2355 543 2414 in
563 2355 680 2415 Etruria
701 2357 804 2431 gestis;
828 2354 902 2415 velle
924 2363 953 2413 et
966 2355 999 2416 P.
1014 2355 1070 2415 lle·
1083 2362 1116 2414 13

114 2444 192 2503 cium
209 2439 343 2518 gloriari,
365 2447 395 2498 et
408 2437 545 2506 forsitan,
563 2456 651 2517 quem
667 2437 716 2498 ille
731 2437 869 2500 obrutum
884 2439 983 2514 ignem
1004 2438 1073 2497 reli·

113 2528 226 2606 querit,
243 2525 282 2584 ita
295 2530 329 2585 ut
342 2522 450 2583 totiens
466 2539 572 2581 norum
585 2541 621 2582 cx
637 2523 785 2600 inproviso
799 2522 968 2582 incendium
980 2522 1072 2591 daret,

115 2627 183 2670 curn
198 2627 230 2669 se
247 2607 453 2667 extincturum.
485 2614 635 2684 postremo
651 2624 683 2664 se
698 2604 827 2682 collegae
841 2605 970 2664 honores
985 2611 1116 2682 prae-14

114 2695 232 2771 miaque
244 2707 452 2751 concessurum
464 2690 640 2748 verecundia
653 2690 754 2750 aetatis
766 2691 829 2748 eius
840 2689 1072 2766 maiestatisque:

115 2795 183 2837 cunr
196 2772 375 2854 periculum,
393 2790 459 2832 cum
472 2771 619 2830 dimicatio
631 2775 779 2851 proposita
790 2775 842 2842 sit,
859 2790 954 2851 neque
966 2772 1073 2832 cedere

113 2877 167 2919 sua
182 2867 287 2937 sponte
301 2873 397 2935 neque
412 2873 579 2923 cessurum:
595 2864 639 2925 et,
656 2857 681 2916 si
696 2857 768 2917 nihil
782 2857 859 2918 aliud
876 2875 912 2918 ex
928 2875 962 2917 eo
977 2863 1116 2917 certa-15

115 2942 196 3000 mine
213 2941 326 3012 tulerit,
347 2938 419 3000 illud
431 2947 511 3000 certe
526 2938 668 3011 laturum.
687 2948 733 3010 ut,
746 2944 824 3021 quod
839 2941 939 3021 populi
950 2944 1001 3007 sit,
1020 2959 1072 3018 po·

114 3022 204 3103 pulus
214 3023 312 3084 iubeat
322 3025 431 3102 potius,
447 3042 534 3102 quam
545 3034 643 3102 patres
655 3028 864 3101 gratificentur.
886 3026 981 3084 lovem
994 3023 1115 3099 opti-16

117 3124 199 3172 mum
212 3107 369 3167 maximum
377 3105 506 3184 deosque
512 3107 681 3166 inmortales
692 3127 724 3166 se
735 3110 859 3183 precari,
873 3116 904 3163 ut
916 3108 954 3164 ita
962 3112 1072 3165 sortem

114 3209 241 3271 aequam
257 3189 312 3250 sibi
327 3209 394 3250 cum
410 3188 521 3264 collega
536 3189 621 3257 dent,
643 3191 668 3247 si
690 3190 812 3248 eandem
828 3191 962 3247 virtulem
980 3186 1072 3245 lelici·

116 3282 266 3357 tatemque
288 3277 318 3336 in
339 3273 416 3334 bello
437 3271 667 3332 administrando
682 3271 777 3330 daturi
793 3274 861 3332 sint.
890 3279 971 3328 certe
991 3268 1020 3328 id
1042 3273 1115 3330 oti't

116 3372 222 3422 natura
244 3375 371 3435 aequum
389 3363 422 3418 ot
436 3354 570 3432 exemplo
589 3354 660 3413 utile
674 3373 739 3416 esse
757 3363 786 3415 et
798 3355 834 3415 ad
851 3355 957 3414 lamam
973 3351 1074 3432 populi

112 3441 241 3505 Romani
262 3443 429 3520 pertinere.
452 3457 503 3498 eos
523 3437 658 3499 consules
678 3457 757 3510 esse,
785 3457 912 3514 quorum
933 3435 1074 3500 utrolibet
