2542 3956
215 211 276 272 276
361 191 1027 287 nmanmronr.to.1718.[a.u.e.537]

215 371 318 432 refellit
328 373 388 432 suis
403 389 435 432 se
447 370 558 432 artibus
571 373 642 450 peti.
673 372 771 450 itaque
787 387 853 432 oum
868 387 924 448 per
935 369 1098 432 Casilinum
1114 389 1190 432 eva·
1251 405 1252 434 ι

216 455 287 516 dere
303 473 362 516 uon
377 462 491 534 posset,
514 462 602 534 peten
623 473 691 534 ique
712 461 829 516 montes
849 461 880 514 et
902 455 1004 532 iugum
1019 453 1188 516 Calliculae
1251 479 1252 534 ι

216 539 415 618 superandum
444 548 536 608 esset,
571 455 678 609 calubi
701 537 852 598 Romanus
877 536 1024 598 inclusum
1052 537 1188 599 vallibus

188 631 323 700 sagmen
339 622 565 700 adgrederetur,
581 621 740 682 ludibrium
756 619 910 682 oculorum
922 621 1025 699 specie
1041 622 1185 683 terribile

217 706 253 766 ad
269 705 469 766 frustrandum
481 703 596 768 hostem
608 712 791 766 commentus
803 705 949 782 principio
963 707 1059 764 noctis
1074 705 1184 766 furtim

190 789 377 852 tsuocedere
400 789 437 852 ad
462 797 578 850 montes
595 791 704 850 statuit.
744 786 855 848 lallacis
871 787 987 848 consilii
1003 787 1069 848 talis
1086 807 1183 867 appa·

218 880 299 934 ratus
311 873 378 934 luit·
389 873 603 953 lacesundique
615 874 740 950 onagris
752 870 901 932 conlectae
912 871 1067 949 fascesque
1078 874 1182 950 virga·

218 975 284 1018 rum
297 965 383 1036 atque
394 957 468 1016 aridi
479 957 643 1020 sarmenti*
656 953 912 1035 praeliganturque
924 953 1065 1017 cornibus
1075 955 1181 1026 boum,

217 1059 291 1120 quos
303 1040 428 1101 domitos
442 1039 657 1118 indomitosque
672 1040 779 1100 multos
794 1041 872 1098 iuter
883 1045 1011 1100 ceteram
1028 1047 1180 1116 agrestem

191 1124 359 1202 spraedam
376 1121 489 1200 agebat.
522 1122 557 1184 ad
574 1122 632 1184 duo
650 1122 729 1183 milia
751 1122 845 1184 ferme
861 1122 950 1182 boum
968 1119 1086 1192 effecta,
1103 1123 1181 1184 Has·

220 1205 393 1286 drubalique
411 1208 558 1285 negotium
576 1207 691 1275 datum,
712 1215 745 1266 ut
759 1203 878 1286 [primis
890 1204 1036 1286 tenebris]
1051 1225 1107 1285 per
1123 1225 1180 1266 no·

220 1298 296 1351 ctam
318 1289 348 1350 id
367 1299 533 1352 armentum
554 1291 684 1352 accensis
708 1288 847 1350 cornibus
874 1289 910 1350 ad
932 1292 1040 1350 montis
1064 1297 1178 1368 ageret,

219 1376 360 1444 maxime,
376 1376 402 1436 si
419 1374 531 1452 posset,
549 1392 638 1452 super
652 1373 744 1434 saltus
758 1372 795 1432 ab
813 1373 897 1432 hoste
915 1374 1053 1434 insessos.

192 1469 206 1519 1
281 1457 367 1520 XVII.
403 1458 511 1518 Primis
542 1457 672 1518 tenebris
698 1456 814 1518 silentio
841 1464 921 1516 mota
947 1463 1058 1527 castra;
1085 1456 1178 1518 boves

191 1541 369 1622 taliquanto
389 1550 458 1603 ante
478 1543 562 1620 sigua
583 1543 649 1602 acti.
689 1541 740 1602 ubi
761 1539 798 1600 ad
814 1539 930 1600 radices
942 1542 1088 1601 montium
1101 1543 1177 1602 rias·

221 1645 278 1704 que
290 1633 427 1724 angustas
442 1633 559 1684 ventum
575 1633 633 1694 est,
642 1626 765 1723 'siguum
782 1621 929 1702 extemplo
951 1622 1054 1694 datur,
1076 1632 1111 1684 ut
1128 1643 1176 1685 ac-

220 1711 315 1769 censis
327 1707 466 1768 cornibus
486 1716 618 1768 armenta
641 1710 671 1767 in
692 1707 830 1769 adversos
844 1709 1030 1768 concitentur
1050 1710 1176 1777 montis,

221 1799 250 1851 et
267 1793 439 1869 motusipse
462 1790 621 1850 relucentis
642 1792 777 1852 llammae
797 1793 943 1868 cacapite
961 1791 1125 1870 calorque
1117 1810 1176 1853 ram

220 1874 256 1934 ad
271 1875 365 1934 vivom
381 1874 417 1935 ad
435 1875 552 1952 imaque
570 1893 713 1936 cornuum
737 1875 894 1936 adveniens
917 1871 998 1934 volut
1010 1874 1177 1936 stimulatos

191 1958 320 2020 dlurore
341 1958 447 2036 agebat
471 1956 569 2018 bores.
610 1977 668 2038 quo
689 1966 813 2037 repente
838 1958 973 2019 discursu
987 1957 1066 2020 baud
1090 1976 1177 2020 secus

219 2060 307 2122 quam
322 2041 401 2102 silvis
420 2040 628 2122 montibusque
649 2042 780 2102 accensis
797 2043 895 2102 omnia
918 2043 1029 2104 circum
1050 2042 1176 2120 virgulta

219 2127 339 2195 ardere,
367 2127 553 2204 capitumque
581 2127 669 2186 inrita
694 2127 840 2205 quassatio
869 2126 998 2186 excitans
1027 2125 1175 2186 llammam

191 2207 370 2270 thominum
382 2210 490 2288 passim
503 2209 730 2271 discurrentium
743 2210 872 2287 speciem
883 2208 1052 2287 praebebat.
1077 2211 1129 2287 qui
1139 2209 1175 2270 ad

219 2294 374 2354 transitum
399 2291 490 2354 saltus
515 2292 702 2354 insidendum
726 2291 813 2353 locati
839 2298 938 2360 erant,
967 2291 1018 2352 ubi
1043 2293 1073 2350 in
1096 2309 1175 2354 sum·

218 2378 274 2438 mis
291 2377 440 2438 montibus
454 2395 488 2436 ac
504 2394 593 2456 super
610 2395 641 2437 se
653 2376 794 2456 quosdam
809 2377 893 2450 ignes
911 2393 1101 2454 conspexere,
1118 2379 1174 2436 cir-

219 2467 388 2520 cumventos
404 2478 436 2519 se
461 2478 525 2520 esse
546 2462 603 2520 rati
617 2460 763 2539 praesidio
784 2476 953 2527 excesserc;
975 2478 1031 2538 qua
1053 2461 1175 2521 minime

219 2543 328 2605 densae
343 2542 491 2604 micabant
504 2543 657 2612 llammae,
682 2543 761 2603 velut
776 2544 954 2602 tutissimum
968 2544 1024 2602 iter
1041 2550 1175 2621 petentes

219 2644 332 2687 summa
348 2628 514 2688 montium
506 2645 583 2704 ruga,
599 2628 745 2690 tamenin
760 2625 901 2705 quosdam
920 2625 1009 2687 boves
1030 2623 1142 2704 palatos
1157 2646 1173 2686 a

193 2711 281 2770 osuis
297 2711 434 2787 gregibus
448 2711 624 2772 inciderunt.
657 2717 686 2770 et
697 2711 793 2789 primo
811 2729 827 2770 c
891 2709 995 2788 procul
1008 2718 1172 2777 cernerent

218 2791 307 2850 veluti
321 2793 452 2852 llammas
467 2795 641 2870 spirantium
663 2792 805 2854 miraculo
825 2727 949 2852 affloniti
965 2795 1172 2861 constiterunt;

191 2873 327 2934 odeinde
348 2884 381 2934 ut
401 2875 529 2936 bumana
548 2878 683 2954 apparuit
703 2878 797 2946 fraus,
819 2884 882 2937 turn
896 2895 966 2937 vero
983 2876 1103 2936 insidias
1119 2879 1174 2936 rati

149 2997 152 3002 -
219 2976 297 3026 esse,
321 2975 390 3018 cum
409 2960 521 3018 maiore
547 2958 672 3018 tumultu
694 2961 842 3020 concitant
866 2979 898 3020 se
917 2961 948 3019 in
975 2961 1084 3037 lugam.
1117 2958 1172 3020 levi

219 3060 334 3122 quoque
346 3049 511 3103 armaturae
524 3042 651 3102 hostium
663 3043 830 3113 incurrere;
843 3052 974 3104 ceterum
985 3061 1044 3103 nox
1051 3052 1172 3121 aequato

190 3135 204 3184 7
219 3129 323 3188 timore
334 3135 455 3188 neutros
468 3144 597 3204 pugnam
603 3127 813 3205 incipientisad
827 3126 923 3186 lucem
935 3127 1038 3186 tenuit.
1062 3127 1171 3188 interea

219 3217 279 3270 toto
295 3213 410 3288 agmine
424 3210 569 3270 Hannibal
585 3211 753 3271 transducto
770 3228 823 3289 per
837 3209 942 3270 saltum
956 3218 985 3269 et
999 3208 1170 3288 quibusdam

219 3295 249 3352 in
272 3295 337 3371 ipso
357 3293 432 3354 saltu
450 3294 577 3354 bostium
603 3296 752 3371 oppressis
774 3295 805 3352 iu
828 3311 899 3370 agro
924 3293 1049 3353 Allifano
1077 3295 1169 3370 posuit

221 3382 324 3434 castra.

195 3460 209 3510 1
284 3455 381 3516 xviii.
411 3457 495 3518 Hunc
510 3457 665 3518 tumultum
681 3461 771 3520 sensit
788 3458 908 3518 Fabius:
936 3466 1068 3518 ceterum
1086 3463 1114 3519 et
1127 3461 1170 3518 in·
