2542 3956
330 211 426 255 urana
439 211 530 254 xxm.
546 211 612 254 our.
628 199 672 254 4ο.
687 197 729 250 41.
747 186 787 272 [a.
803 191 838 254 0.
853 189 915 273 215]
1044 199 1105 264 361

146 363 291 434 adsuetis,
315 361 464 422 lecerunt:
486 367 636 440 postremo
657 367 687 420 et
713 359 785 440 ipsi,
812 377 880 420 curu
907 361 1006 422 omnia
1027 361 1105 422 circa

146 458 246 526 strage
267 464 301 508 ac
323 445 392 524 luga
412 443 574 504 Sardorum
595 442 708 523 repleta
733 448 845 513 essent,
867 442 934 504 lusi,
971 452 1103 508 ceterum
1118 453 1148 506 n

147 541 231 611 terga
255 529 360 591 dantes
381 527 581 589 circumducto
603 545 711 597 cornu,
740 545 799 608 quo
814 526 970 606 pepulerat
985 529 1104 599 Sardos,

147 615 265 677 inclusit
290 614 449 674 Romanus.
488 611 593 672 caedes
618 611 687 672 inde
704 614 797 690 magis
813 629 902 691 quam
930 629 1028 691 pugna
1042 613 1104 674 luit.

147 698 302 760 duodecim
314 695 394 758 milia
408 695 538 756 bostium
549 713 634 757 caesa
645 695 806 757 Sardorum
822 694 909 756 simul
922 695 1103 757 Poenorum·
1119 705 1151 755 ts

147 801 219 862 que,
238 781 332 842 lerme
346 780 403 842 tria
418 778 498 841 milia
514 786 543 840 et
557 781 736 858 septingenti
755 781 834 860 capti
851 786 881 840 et
900 780 981 858 sigua
998 779 1105 841 milita·

147 868 192 926 ria
211 873 324 943 septem
346 871 377 926 et
397 865 509 942 viginti.
551 863 625 924 XLl.
660 864 735 925 Ante
756 864 854 925 omnia
871 863 980 924 claram
996 870 1026 925 et
1043 874 1133 926 meve

147 947 321 1012 morabilem
343 965 472 1027 pugnarn
492 947 562 1008 lecit
584 946 749 1009 Hasdrubal
768 949 929 1028 imperator
954 957 1056 1029 captus
1076 957 1106 1010 ct

145 1033 252 1094 Hanno
276 1039 306 1094 et
326 1032 411 1111 blago
433 1031 548 1092 nobHes
570 1031 842 1108 Carthaginienses,
866 1031 952 1110 Mago
967 1050 1003 1093 ex
1018 1038 1130 1110 geutel

146 1117 287 1186 barsina,
304 1117 470 1196 propinqua
484 1116 660 1192 cognatione
676 1114 834 1176 Hannibali
852 1117 984 1186 iunctus,
1000 1116 1105 1177 llanno

146 1207 250 1262 auctor
261 1198 432 1260 rebellionis
446 1197 548 1258 Sardis
558 1195 687 1278 bellique
699 1201 761 1260 eius
772 1199 850 1262 baud
861 1199 950 1260 dubie
961 1201 1104 1261 conciter.

146 1301 202 1343 nec
218 1281 381 1343 Sardorum
394 1280 483 1342 duces
497 1282 594 1342 minus
605 1279 737 1343 nobilem
752 1301 816 1344 earn
828 1300 958 1362 pugnarn
974 1283 1138 1356 cladibusit

145 1367 207 1428 suis
228 1365 377 1426 lecerunt:
402 1382 469 1424 narn
495 1372 524 1426 et
544 1363 620 1427 lilius
640 1365 851 1446 Hampsicorae
872 1366 970 1428 Hostis
990 1368 1022 1428 in
1043 1368 1135 1428 aciat

145 1449 268 1518 cecidit,
289 1455 318 1510 et
334 1449 525 1527 Hampsicora
546 1466 612 1509 cum
628 1451 728 1527 paucis
744 1449 891 1530 equitibus
916 1450 1047 1529 lugiens,
1074 1458 1108 1512 ut

145 1551 236 1612 super
255 1532 386 1593 adflictas
405 1548 454 1594 res
474 1549 586 1601 necem
600 1551 716 1612 quoque
730 1533 782 1595 filii
798 1533 918 1604 audivit,
945 1541 1046 1606 nocte,
1068 1553 1106 1596 ne

147 1618 229 1677 cuius
243 1617 425 1677 interventus
443 1623 545 1696 coepta
562 1617 723 1696 inpediret,
739 1625 866 1680 mortem
883 1616 941 1679 sibi
955 1619 1104 1680 conscivit.

146 1701 253 1762 ceteris
270 1699 342 1762 urbs
360 1700 474 1761 Cornus
493 1697 610 1770 eadem,
636 1718 711 1780 quae
726 1708 808 1772 aute,
835 1701 921 1779 lugae
936 1708 1138 1781 receptam-o

145 1782 534 1862 lumlui13quamblanli11s
555 1785 665 1846 victore
692 1787 824 1847 exercitu
850 1784 1007 1864 adgressus
1027 1788 1105 1848 iutra

146 1867 209 1927 dies
223 1885 334 1947 paucos
353 1869 476 1945 recepit.
511 1867 616 1928 delude
637 1867 710 1928 aliae
732 1888 848 1948 quoque
864 1871 1009 1942 civitates,
1030 1879 1139 1950 quaed

146 1949 182 2011 ad
203 1949 426 2030 Hampsicoram
448 1951 620 2030 Poenosque
641 1950 827 2023 deiecerant,
853 1951 1005 2014 obsidibus
1030 1954 1105 2016 datis

146 2034 324 2096 dediderunt
338 2053 417 2104 sese;
440 2034 547 2114 quibus
568 2035 717 2113 stipendio
733 2035 941 2113 frumentoque
959 2037 1105 2116 imperato

144 2119 356 2198 proculusque
372 2124 422 2179 aut
437 2118 547 2179 viribus
569 2125 618 2179 aut
631 2117 737 2180 delicto
754 2117 865 2181 Caralis
881 2120 1041 2180 exercitum
1056 2137 1103 2180 ce·

145 2201 236 2262 duxit.
265 2201 307 2262 ibi
322 2200 443 2262 naribus
462 2200 558 2279 longis
576 2201 709 2263 deductis
728 2203 928 2282 inpositoque,
956 2221 1043 2282 quem
1058 2213 1133 2265 ser

145 2301 213 2344 cum
228 2282 400 2355 advexerat,
417 2285 510 2346 milite
524 2285 647 2347 Romam
664 2287 779 2364 nauigat
796 2285 1019 2365 Sardiniamque
1035 2305 1103 2366 per·

145 2367 286 2428 domitam
315 2367 430 2429 nuntiat
455 2367 603 2449 patribus,
631 2379 660 2430 et
686 2370 863 2449 stipendium
889 2370 1102 2448 quaestoribus,

145 2450 327 2512 trumentum
344 2451 501 2522 aedilibus,
519 2453 647 2532 captivos
662 2452 695 2524 0.
711 2452 811 2516 Fulvio
827 2454 958 2534 praetori
973 2454 1071 2515 tradit.

205 2534 263 2595 Per
291 2533 371 2596 idem
394 2543 509 2614 tempus
529 2536 563 2598 Τ.
595 2535 734 2599 Otacilius
760 2545 881 2616 praetor
906 2535 942 2597 ab
966 2535 1136 2616 Lilybaeoss

145 2616 232 2680 classi
245 2618 277 2679 in
291 2617 420 2680 Africam
436 2625 618 2682 transvectus
640 2621 891 2702 depopulatusque
912 2637 1015 2698 agrurn
1033 2622 1102 2682 Car·

146 2701 360 2780 thaginieusem
378 2721 444 2764 cum
461 2704 626 2766 SardinIam
641 2704 710 2766 inde
721 2711 851 2784 peteret,
870 2722 928 2784 quo
944 2703 1021 2764 lama
1039 2711 1133 2766 erate

144 2785 356 2848 Hasdrubalem
372 2804 392 2848 a
406 2786 570 2850 baliaribus
585 2806 680 2868 nuper
696 2790 859 2861 traiecisse,
875 2787 960 2848 classi
975 2787 1102 2851 Africam

144 2871 291 2948 repetenti
321 2873 464 2945 occurrit,
490 2870 604 2953 levique
626 2875 787 2936 certamine
815 2875 846 2935 in
865 2871 924 2935 alto
946 2875 1103 2935 commisso

144 2961 257 3030 septem
269 2953 339 3015 inde
354 2975 442 3018 naves
454 2974 520 3018 cum
532 2958 619 3018 sociis
633 2958 784 3019 navalibus
797 2960 883 3038 cepit.
914 2963 1028 3018 ceteras
1040 2974 1102 3016 rne-

145 3044 191 3095 tus
205 3036 283 3095 haud
298 3054 383 3097 secus
398 3058 485 3117 qnam
500 3048 659 3118 tempestas
674 3043 782 3118 passim
799 3041 921 3101 disiecit.

207 3118 265 3178 Per
280 3119 399 3180 eosdem
424 3121 501 3180 forte
522 3123 584 3182 dies
606 3129 636 3182 et
650 3121 798 3182 Bomilcar
820 3139 887 3181 curn
907 3118 1049 3182 militibus
1064 3120 1099 3181 ad
1114 3129 1147 3180 lo

144 3199 381 3279 supplementum
407 3201 583 3282 Carthagine
605 3205 701 3265 missis
724 3203 945 3285 elephantisque
971 3212 1000 3265 et
1020 3222 1100 3265 com·

145 3291 242 3346 meatu
262 3285 373 3346 Locros
394 3289 525 3349 accessit.
566 3306 653 3367 quem
679 3295 712 3349 ut
732 3290 880 3350 incautum
910 3289 1142 3368 opprimeretis

143 3371 197 3448 Ap.
213 3367 350 3430 Claudius
370 3388 424 3448 per
447 3370 662 3434 simulationem
683 3374 853 3452 provinciae
874 3369 1100 3433 circumeundae

141 3453 306 3516 blessanam
340 3456 448 3534 raptim
480 3457 610 3518 exercitu
643 3457 730 3519 ducto
763 3463 846 3518 vento
875 3459 1016 3536 aestuque
1047 3471 1102 3515 suo
