2532 3938
290 219 384 262 erana
397 217 451 263 vn.
470 218 538 262 oar.
555 208 600 260 20.
616 209 658 258 21.
674 206 715 281 [a.
734 204 768 264 0.
784 207 845 260 354.
860 199 924 284 353]
1036 204 1076 268 21

130 367 309 452 pulatlonem
320 367 469 429 Romanos
480 366 678 440 lacessierant,
697 377 784 439 esset,
800 386 887 430 verus
903 368 973 432 belli
989 377 1086 434 terror

37 484 46 500 ·
129 455 249 524 invasit,
272 461 314 524 et,
335 470 422 531 quam
438 469 497 512 non
518 469 637 514 suarum
651 454 756 514 virium
777 471 811 514 ea
831 453 979 515 dimicatio
998 464 1084 526 esset,

130 535 292 600 cernebant
328 534 554 616 paenitebatque
574 535 785 616 populationis,
807 545 837 598 et
857 537 1117 617 Tarquiniensest

131 621 344 684 execrabantur
365 618 538 680 delectionis
560 628 710 689 auctores;
732 638 788 681 nec
809 639 890 682 arma
912 630 961 682 aut
974 621 1085 684 bellum

130 707 285 786 quisquam
298 721 454 784 apparare,
470 704 522 765 sed
540 722 595 784 pro
610 722 643 765 se
654 706 778 784 quisque
791 703 903 783 legatos
914 706 990 766 mitti
1002 705 1085 767 iube-

131 789 182 850 bat
192 789 229 850 ad
239 789 395 869 petendam
406 789 518 848 erroris
533 789 657 848 veniam.
679 787 767 867 legati
780 797 914 850 senatum
927 807 993 850 cum
1008 789 1084 850 adis·
1100 795 1117 847 8

131 880 207 941 sent,
225 871 260 934 ab
267 879 370 934 senatu
382 871 527 932 relectiad
534 872 680 952 populum‘
686 873 758 933 deos
764 882 949 951 rogaverunt,
960 891 1086 953 quorum

132 974 216 1018 sacra
228 955 307 1017 bello
321 955 431 1018 Gallico
447 963 566 1035 accepta
580 957 635 1017 rite
651 964 874 1035 procurassent,
891 965 926 1018 nt
936 958 1086 1019 Romanos

131 1040 271 1103 florentes
283 1057 317 1103 ea
330 1043 376 1102 sui
389 1039 592 1101 misericordia
602 1047 734 1120 caperet,
750 1059 869 1120 quaese
884 1040 973 1102 rebus
988 1040 1085 1104 adlec-

131 1127 169 1188 ds
182 1125 329 1204 qnondam
340 1123 441 1205 populi
451 1123 577 1186 Romani
587 1127 728 1205 cepisset:
745 1126 936 1205 converdque
953 1126 990 1187 ad
1004 1125 1115 1186 delu·4

131 1209 185 1270 bra
199 1210 303 1270 Vestae
321 1210 480 1288 hospitium
496 1209 647 1270 llaminum
668 1208 886 1288 Vestaliumque
904 1209 940 1271 ab
954 1228 987 1270 se
1007 1218 1086 1270 caste

131 1311 166 1357 ac
188 1292 326 1372 religiose
352 1291 462 1354 cultum
489 1291 679 1354 invocabant:
706 1310 779 1354 eane
803 1295 925 1354 meritos
950 1293 1117 1354 crederets

131 1378 284 1460 quisquam
306 1378 406 1438 hostes
429 1384 551 1457 repente
572 1379 636 1438 sine
657 1395 744 1438 causa
764 1377 869 1447 laotos,
891 1385 954 1447 aut,
973 1375 1085 1456 siquid

133 1461 277 1522 hostiliter
291 1460 443 1532 iecissent,
465 1460 588 1521 consilio
610 1461 637 1521 id
654 1462 748 1539 magis
770 1479 857 1541 quam
872 1461 973 1521 lurore
989 1459 1087 1541 lapsos

133 1545 254 1615 iecisse,
277 1551 309 1605 ut
328 1563 380 1607 sua
400 1553 499 1607 vetera
516 1543 674 1615 beneficia,
699 1545 792 1606 locata
813 1546 988 1622 praesertim
1010 1542 1087 1622 apud

133 1637 192 1691 mm
216 1636 328 1708 gratos,
350 1631 432 1690 novis
452 1637 682 1709 conrumperent
703 1630 854 1690 maleficiis
873 1629 1088 1708 florentemque

93 1746 99 1750 -
131 1712 272 1794 populum
286 1712 449 1775 Romanum
466 1731 500 1774 ac
517 1713 719 1774 felicissimum
732 1712 811 1774 heho
825 1711 882 1774 sibi
899 1714 1089 1774 desumerent

132 1799 264 1867 hostem,
281 1799 364 1859 cuius
381 1797 488 1859 adllicti
502 1799 659 1858 amicitiam
673 1799 835 1878 petissent?
852 1815 890 1859 ne
906 1796 1089 1878 appellarent

133 1881 301 1952 consilium,
317 1900 392 1961 quae
407 1884 451 1942 vis
466 1899 500 1942 ac
514 1884 675 1944 necessitas
686 1880 859 1961 appellanda
873 1889 959 1943 esset.
974 1875 978 1880 ’
992 1889 1087 1942 trans·
1102 1886 1120 1939 6

133 1967 229 2027 euntis
251 1968 368 2045 agmine
394 1966 502 2027 inlesto
529 1984 584 2046 per
609 1983 712 2044 agrum
741 1984 827 2026 suum
848 1966 1087 2044 Tarquinienses,

132 2068 199 2112 cum
213 2058 332 2130 praeter
346 2052 422 2112 viam
442 2049 516 2111 nihil
530 2051 688 2130 petissent,
701 2051 826 2110 traxisse
845 2049 988 2128 quosdam
1003 2065 1087 2126 agre·

132 2136 220 2196 edum
234 2132 431 2215 populationis
448 2136 526 2205 eius,
543 2149 617 2214 quae
633 2133 689 2194 sihi
705 2135 822 2194 crimini
837 2133 937 2203 detur,
954 2134 1088 2193 comites.

132 2237 184 2281 eos
198 2235 252 2279 seu
266 2218 334 2280 dedi
352 2218 481 2298 placeat,
506 2217 615 2278 dedere
629 2224 793 2296 separatos
811 2234 891 2287 esse,
911 2233 964 2276 seu
978 2214 1088 2295 suppli·
1103 2221 1118 2271 7

135 2305 180 2364 cio
195 2303 293 2372 adlici,
310 2303 430 2363 daturos
444 2318 564 2381 poenas.
595 2301 702 2371 Caere,
727 2301 888 2362 sacrarium
908 2298 1010 2379 populi
1028 2297 1087 2358 llo·

116 2388 226 2457 mani,
242 2386 443 2448 deversorium
461 2384 647 2446 sacerdotum
663 2402 697 2446 ac
711 2381 928 2463 receptaculum
942 2382 1090 2443 Rornano-

132 2488 380 2542 rumsacrorum,
395 2471 537 2531 intactum
554 2468 782 2548 inviolatumque
801 2468 925 2529 erimine
945 2464 1015 2527 belli
1035 2465 1089 2526 ho·

133 2556 221 2634 spitio
232 2554 392 2617 Vestalium
404 2553 548 2634 cultisque
560 2552 615 2615 diis
626 2553 740 2614 darent.
769 2553 860 2613 movit
874 2549 1015 2631 populum
1030 2554 1122 2609 non's

133 2646 193 2700 mm
216 2657 303 2701 causa
326 2656 468 2719 praesens
489 2657 576 2718 quam
604 2646 688 2700 vetus
716 2638 880 2706 meritum,
898 2641 932 2696 ut
955 2631 1091 2694 maleficii

133 2741 220 2803 quam
232 2723 366 2784 beneficii
376 2724 475 2802 potins
485 2724 664 2784 inmemores
673 2728 781 2783 essent.
801 2722 900 2800 itaque
914 2738 971 2798 pax
981 2716 1091 2798 populo

133 2805 242 2870 Caeriti
257 2807 323 2869 data
336 2807 523 2885 indutiasque
540 2808 571 2868 in
583 2815 701 2869 centum
712 2824 806 2868 annos
820 2806 912 2865 lactas
926 2806 958 2864 in
972 2811 1090 2865 senatus

134 2891 301 2952 consultum
319 2891 426 2953 referri
446 2889 563 2970 placuit
598 2892 628 2952 in
646 2889 776 2952 Faliscos
797 2889 900 2952 eodem
917 2887 1021 2948 noxios
1033 2887 1123 2946 cri-9

134 2975 214 3036 mine
228 2975 271 3036 ris
287 2973 359 3036 belli
380 2992 520 3036 conversa
537 2983 595 3048 est,
618 2975 671 3038 sed
684 2973 784 3036 hostes
805 2990 949 3053 nusquam
970 2971 1091 3032 inventi.

136 3074 205 3118 cum
223 3056 411 3138 populatione
431 3062 580 3138 peragrati
598 3060 673 3121 lines
693 3065 805 3128 essent,
821 3057 858 3118 ab
874 3053 1092 3135 oppugnatione

135 3139 254 3203 urbium
269 3148 473 3218 temperatum:
493 3142 715 3222 legionibusque
730 3143 854 3202 Romam
875 3138 1006 3199 reductis
1023 3131 1092 3196 reli·

136 3243 203 3287 cnm
230 3226 301 3286 anni
320 3228 413 3286 muris
432 3226 621 3307 turribusque
641 3223 808 3287 reficiendis
829 3226 1050 3298 consumptum,
1064 3226 1093 3278 ct

135 3307 364 3390 aedisdpollinis
374 3308 506 3374 dedicata
516 3319 570 3372 est.
855 3385 857 3391 Α

196 3393 272 3456 xxi.
304 3393 444 3455 Extremo
458 3411 535 3456 anno
550 3395 669 3466 comitia
686 3389 852 3452 consularia
873 3397 1023 3450 certamen
1040 3405 1092 3467 pa·
1109 3393 1122 3447 1

135 3483 214 3541 uum
238 3497 272 3540 ac
301 3475 396 3556 plebis
429 3477 560 3550 diremit,
590 3475 719 3538 tribunis
750 3473 925 3552 negantibus
953 3487 1095 3553 passuros
