<?xml version="1.0" encoding="UTF-8"?>
<!DOCTYPE html PUBLIC "-//W3C//DTD XHTML 1.0 Transitional//EN"
    "http://www.w3.org/TR/xhtml1/DTD/xhtml1-transitional.dtd">
<html xmlns="http://www.w3.org/1999/xhtml" xml:lang="en" lang="en">
 <head>
  <title>
</title>
<meta http-equiv="Content-Type" content="text/html;charset=utf-8" />
  <meta name='ocr-system' content='tesseract 3.04.00' />
  <meta name='ocr-capabilities' content='ocr_page ocr_carea ocr_par ocr_line ocrx_word'/>
</head>
<body>
  <div class='ocr_page' id='page_1' title='image "./aburbeconditali08livygoog_0281.png"; bbox 0 0 2546 3936; ppageno 0'>
   <div class='ocr_carea' id='block_1_1' title="bbox 218 164 1061 253">
    <p class='ocr_par' dir='ltr' id='par_1_1' title="bbox 218 164 1061 253">
     <span class='ocr_line' id='line_1_1' title="bbox 218 164 1061 253; baseline 0.014 -25"><span class='ocrx_word' id='word_1_1' title='bbox 218 185 313 228; x_wconf 77' lang='lat' dir='ltr'><strong>amna</strong></span> <span class='ocrx_word' id='word_1_2' title='bbox 327 185 370 228; x_wconf 78' lang='lat' dir='ltr'><strong>rx.</strong></span> <span class='ocrx_word' id='word_1_3' title='bbox 386 185 454 228; x_wconf 77' lang='lat' dir='ltr'><strong>oar.</strong></span> <span class='ocrx_word' id='word_1_4' title='bbox 470 172 515 229; x_wconf 82' lang='lat'><strong>40.</strong></span> <span class='ocrx_word' id='word_1_5' title='bbox 526 174 570 229; x_wconf 80' lang='grc'><strong>41.</strong></span> <span class='ocrx_word' id='word_1_6' title='bbox 591 164 631 249; x_wconf 82' lang='lat' dir='ltr'><strong>[a.</strong></span> <span class='ocrx_word' id='word_1_7' title='bbox 646 168 681 232; x_wconf 83' lang='lat' dir='ltr'><strong>O.</strong></span> <span class='ocrx_word' id='word_1_8' title='bbox 696 175 746 228; x_wconf 84' lang='lat'><strong>310</strong></span> <span class='ocrx_word' id='word_1_9' title='bbox 762 167 929 253; x_wconf 78' lang='lat' dir='ltr'><strong>(309)·tt⁰8]</strong></span> <span class='ocrx_word' id='word_1_10' title='bbox 998 177 1061 242; x_wconf 76' lang='lat'><strong>139</strong></span> 
     </span>
    </p>
   </div>
   <div class='ocr_carea' id='block_1_2' title="bbox 93 333 1122 3527">
    <p class='ocr_par' dir='ltr' id='par_1_2' title="bbox 93 333 1099 920">
     <span class='ocr_line' id='line_1_2' title="bbox 96 333 1060 414; baseline 0.001 -16"><span class='ocrx_word' id='word_1_11' title='bbox 96 337 194 398; x_wconf 69' lang='lat' dir='ltr'><strong>rmum</strong></span> <span class='ocrx_word' id='word_1_12' title='bbox 213 335 247 394; x_wconf 91' lang='lat' dir='ltr'><strong>in</strong></span> <span class='ocrx_word' id='word_1_13' title='bbox 262 333 314 406; x_wconf 93' lang='lat' dir='ltr'><strong>iis,</strong></span> <span class='ocrx_word' id='word_1_14' title='bbox 336 341 370 396; x_wconf 92' lang='lat' dir='ltr'><strong>ut</strong></span> <span class='ocrx_word' id='word_1_15' title='bbox 388 339 501 394; x_wconf 83' lang='lat' dir='ltr'><strong>armata</strong></span> <span class='ocrx_word' id='word_1_16' title='bbox 518 340 601 394; x_wconf 84' lang='lat' dir='ltr'><strong>senta</strong></span> <span class='ocrx_word' id='word_1_17' title='bbox 621 334 746 396; x_wconf 91' lang='lat' dir='ltr'><strong>dominis</strong></span> <span class='ocrx_word' id='word_1_18' title='bbox 767 340 1002 414; x_wconf 86' lang='lat' dir='ltr'><strong>argentariarum</strong></span> <span class='ocrx_word' id='word_1_19' title='bbox 1023 338 1060 399; x_wconf 87' lang='lat' dir='ltr'><strong>ad</strong></span> 
     </span>
     <span class='ocr_line' id='line_1_3' title="bbox 93 417 1061 484; baseline 0 -1"><span class='ocrx_word' id='word_1_20' title='bbox 93 422 197 483; x_wconf 81' lang='lat' dir='ltr'><strong>lorum</strong></span> <span class='ocrx_word' id='word_1_21' title='bbox 213 417 380 479; x_wconf 92' lang='lat' dir='ltr'><strong>ornandum</strong></span> <span class='ocrx_word' id='word_1_22' title='bbox 395 417 604 478; x_wconf 77' lang='lat' dir='ltr'><strong>dividerentur.</strong></span> <span class='ocrx_word' id='word_1_23' title='bbox 629 419 699 478; x_wconf 86' lang='lat' dir='ltr'><strong>inde</strong></span> <span class='ocrx_word' id='word_1_24' title='bbox 711 426 811 480; x_wconf 93' lang='lat' dir='ltr'><strong>natum</strong></span> <span class='ocrx_word' id='word_1_25' title='bbox 822 422 937 482; x_wconf 89' lang='lat' dir='ltr'><strong>initium</strong></span> <span class='ocrx_word' id='word_1_26' title='bbox 953 424 1061 484; x_wconf 90' lang='lat' dir='ltr'><strong>dicitur</strong></span> 
     </span>
     <span class='ocr_line' id='line_1_4' title="bbox 94 499 1099 571; baseline 0.001 -5"><span class='ocrx_word' id='word_1_27' title='bbox 94 505 155 566; x_wconf 80' lang='lat' dir='ltr'><strong>iorl</strong></span> <span class='ocrx_word' id='word_1_28' title='bbox 169 503 297 568; x_wconf 89' lang='lat' dir='ltr'><strong>ornandi</strong></span> <span class='ocrx_word' id='word_1_29' title='bbox 312 501 349 562; x_wconf 85' lang='lat' dir='ltr'><strong>ab</strong></span> <span class='ocrx_word' id='word_1_30' title='bbox 367 499 525 571; x_wconf 87' lang='lat' dir='ltr'><strong>aedilibus,</strong></span> <span class='ocrx_word' id='word_1_31' title='bbox 542 519 609 562; x_wconf 86' lang='lat' dir='ltr'><strong>cum</strong></span> <span class='ocrx_word' id='word_1_32' title='bbox 623 509 724 564; x_wconf 79' lang='lat' dir='ltr'><strong>tensae</strong></span> <span class='ocrx_word' id='word_1_33' title='bbox 740 504 927 564; x_wconf 86' lang='lat' dir='ltr'><strong>ducerentur.</strong></span> <span class='ocrx_word' id='word_1_34' title='bbox 960 515 990 566; x_wconf 91' lang='lat' dir='ltr'><strong>et</strong></span> <span class='ocrx_word' id='word_1_35' title='bbox 999 507 1058 567; x_wconf 81' lang='lat' dir='ltr'><strong>lio·</strong></span> <span class='ocrx_word' id='word_1_36' title='bbox 1069 512 1099 566; x_wconf 83' lang='lat' dir='ltr'><strong>lt</strong></span> 
     </span>
     <span class='ocr_line' id='line_1_5' title="bbox 94 585 1060 666; baseline 0 -16"><span class='ocrx_word' id='word_1_37' title='bbox 94 587 178 650; x_wconf 87' lang='lat' dir='ltr'><strong>mani</strong></span> <span class='ocrx_word' id='word_1_38' title='bbox 193 586 313 666; x_wconf 91' lang='lat' dir='ltr'><strong>quidem</strong></span> <span class='ocrx_word' id='word_1_39' title='bbox 328 585 365 646; x_wconf 93' lang='lat' dir='ltr'><strong>ad</strong></span> <span class='ocrx_word' id='word_1_40' title='bbox 382 585 528 648; x_wconf 88' lang='lat' dir='ltr'><strong>honorem</strong></span> <span class='ocrx_word' id='word_1_41' title='bbox 548 586 636 648; x_wconf 91' lang='lat' dir='ltr'><strong>deum</strong></span> <span class='ocrx_word' id='word_1_42' title='bbox 651 588 815 665; x_wconf 83' lang='lat' dir='ltr'><strong>insignibus</strong></span> <span class='ocrx_word' id='word_1_43' title='bbox 827 591 917 648; x_wconf 89' lang='lat' dir='ltr'><strong>armis</strong></span> <span class='ocrx_word' id='word_1_44' title='bbox 932 589 1060 650; x_wconf 91' lang='lat' dir='ltr'><strong>bostium</strong></span> 
     </span>
     <span class='ocr_line' id='line_1_6' title="bbox 93 667 1059 751; baseline 0.002 -19"><span class='ocrx_word' id='word_1_45' title='bbox 93 673 144 732; x_wconf 90' lang='lat' dir='ltr'><strong>nsi</strong></span> <span class='ocrx_word' id='word_1_46' title='bbox 157 670 398 751; x_wconf 69' lang='lat' dir='ltr'><strong>sunm-Campani</strong></span> <span class='ocrx_word' id='word_1_47' title='bbox 414 667 450 731; x_wconf 92' lang='lat' dir='ltr'><strong>ab</strong></span> <span class='ocrx_word' id='word_1_48' title='bbox 472 669 610 748; x_wconf 87' lang='lat' dir='ltr'><strong>superbia</strong></span> <span class='ocrx_word' id='word_1_49' title='bbox 627 679 657 732; x_wconf 89' lang='lat' dir='ltr'><strong>et</strong></span> <span class='ocrx_word' id='word_1_50' title='bbox 675 672 742 732; x_wconf 91' lang='lat' dir='ltr'><strong>odio</strong></span> <span class='ocrx_word' id='word_1_51' title='bbox 758 673 931 733; x_wconf 80' lang='lat' dir='ltr'><strong>Samnitium</strong></span> <span class='ocrx_word' id='word_1_52' title='bbox 951 672 1059 751; x_wconf 87' lang='lat' dir='ltr'><strong>gladia·</strong></span> 
     </span>
     <span class='ocr_line' id='line_1_7' title="bbox 95 753 1060 834; baseline 0.002 -18"><span class='ocrx_word' id='word_1_53' title='bbox 95 763 193 824; x_wconf 86' lang='lat' dir='ltr'><strong>tores,</strong></span> <span class='ocrx_word' id='word_1_54' title='bbox 215 754 295 834; x_wconf 93' lang='lat' dir='ltr'><strong>qnod</strong></span> <span class='ocrx_word' id='word_1_55' title='bbox 311 753 509 834; x_wconf 73' lang='lat' dir='ltr'><strong>spectaculum</strong></span> <span class='ocrx_word' id='word_1_56' title='bbox 523 756 602 816; x_wconf 87' lang='lat' dir='ltr'><strong>inter</strong></span> <span class='ocrx_word' id='word_1_57' title='bbox 618 755 719 834; x_wconf 83' lang='lat' dir='ltr'><strong>epulas</strong></span> <span class='ocrx_word' id='word_1_58' title='bbox 734 765 811 828; x_wconf 90' lang='lat' dir='ltr'><strong>erat,</strong></span> <span class='ocrx_word' id='word_1_59' title='bbox 835 775 870 818; x_wconf 94' lang='lat' dir='ltr'><strong>eo</strong></span> <span class='ocrx_word' id='word_1_60' title='bbox 886 767 994 818; x_wconf 90' lang='lat' dir='ltr'><strong>ornatu</strong></span> <span class='ocrx_word' id='word_1_61' title='bbox 1012 774 1060 818; x_wconf 88' lang='lat' dir='ltr'><strong>ar·</strong></span> 
     </span>
     <span class='ocr_line' id='line_1_8' title="bbox 94 839 833 920; baseline -0.003 -18"><span class='ocrx_word' id='word_1_62' title='bbox 94 845 220 904; x_wconf 81' lang='lat' dir='ltr'><strong>marum</strong></span> <span class='ocrx_word' id='word_1_63' title='bbox 229 839 464 918; x_wconf 87' lang='lat' dir='ltr'><strong>Samnitiumque</strong></span> <span class='ocrx_word' id='word_1_64' title='bbox 479 841 599 900; x_wconf 90' lang='lat' dir='ltr'><strong>nomine</strong></span> <span class='ocrx_word' id='word_1_65' title='bbox 619 839 833 920; x_wconf 79' lang='lat' dir='ltr'><strong>compellarunt</strong></span> 
     </span>
    </p>

    <p class='ocr_par' dir='ltr' id='par_1_3' title="bbox 93 922 1104 1928">
     <span class='ocr_line' id='line_1_9' title="bbox 160 922 1103 1002; baseline -0.002 -18"><span class='ocrx_word' id='word_1_66' title='bbox 160 922 274 984; x_wconf 86' lang='lat' dir='ltr'><strong>Eodem</strong></span> <span class='ocrx_word' id='word_1_67' title='bbox 291 940 370 984; x_wconf 85' lang='lat' dir='ltr'><strong>enno</strong></span> <span class='ocrx_word' id='word_1_68' title='bbox 394 941 462 984; x_wconf 89' lang='lat' dir='ltr'><strong>oum</strong></span> <span class='ocrx_word' id='word_1_69' title='bbox 483 923 615 1002; x_wconf 89' lang='lat' dir='ltr'><strong>reliquiis</strong></span> <span class='ocrx_word' id='word_1_70' title='bbox 630 923 824 986; x_wconf 85' lang='lat' dir='ltr'><strong>Etruscorum</strong></span> <span class='ocrx_word' id='word_1_71' title='bbox 842 925 879 986; x_wconf 87' lang='lat' dir='ltr'><strong>nd</strong></span> <span class='ocrx_word' id='word_1_72' title='bbox 895 926 1056 996; x_wconf 87' lang='lat' dir='ltr'><strong>Perusiam,</strong></span> <span class='ocrx_word' id='word_1_73' title='bbox 1072 931 1103 984; x_wconf 77' lang='lat' dir='ltr'><strong>te</strong></span> 
     </span>
     <span class='ocr_line' id='line_1_10' title="bbox 94 1006 1061 1089; baseline 0.002 -21"><span class='ocrx_word' id='word_1_74' title='bbox 94 1025 172 1089; x_wconf 84' lang='lat' dir='ltr'><strong>quae</strong></span> <span class='ocrx_word' id='word_1_75' title='bbox 188 1009 294 1089; x_wconf 86' lang='lat' dir='ltr'><strong>etipsa</strong></span> <span class='ocrx_word' id='word_1_76' title='bbox 307 1006 490 1068; x_wconf 83' lang='lat' dir='ltr'><strong>indutiarum</strong></span> <span class='ocrx_word' id='word_1_77' title='bbox 505 1007 594 1068; x_wconf 88' lang='lat' dir='ltr'><strong>iidem</strong></span> <span class='ocrx_word' id='word_1_78' title='bbox 608 1016 744 1086; x_wconf 88' lang='lat' dir='ltr'><strong>ruperat,</strong></span> <span class='ocrx_word' id='word_1_79' title='bbox 765 1009 873 1070; x_wconf 88' lang='lat' dir='ltr'><strong>Fabius</strong></span> <span class='ocrx_word' id='word_1_80' title='bbox 887 1009 990 1070; x_wconf 87' lang='lat' dir='ltr'><strong>consul</strong></span> <span class='ocrx_word' id='word_1_81' title='bbox 1005 1027 1061 1072; x_wconf 91' lang='lat' dir='ltr'><strong>nec</strong></span> 
     </span>
     <span class='ocr_line' id='line_1_11' title="bbox 95 1090 1103 1173; baseline -0.002 -20"><span class='ocrx_word' id='word_1_82' title='bbox 95 1091 187 1154; x_wconf 88' lang='lat' dir='ltr'><strong>dubia</strong></span> <span class='ocrx_word' id='word_1_83' title='bbox 211 1109 267 1154; x_wconf 92' lang='lat' dir='ltr'><strong>nec</strong></span> <span class='ocrx_word' id='word_1_84' title='bbox 286 1091 398 1154; x_wconf 79' lang='lat' dir='ltr'><strong>difficili</strong></span> <span class='ocrx_word' id='word_1_85' title='bbox 424 1092 544 1152; x_wconf 79' lang='lat' dir='ltr'><strong>victoria</strong></span> <span class='ocrx_word' id='word_1_86' title='bbox 569 1090 696 1154; x_wconf 85' lang='lat' dir='ltr'><strong>dimicat.</strong></span> <span class='ocrx_word' id='word_1_87' title='bbox 737 1094 834 1172; x_wconf 91' lang='lat' dir='ltr'><strong>ipsum</strong></span> <span class='ocrx_word' id='word_1_88' title='bbox 855 1095 995 1173; x_wconf 91' lang='lat' dir='ltr'><strong>oppidum</strong></span> <span class='ocrx_word' id='word_1_89' title='bbox 1019 1126 1054 1138; x_wconf 92' lang='lat'>-</span> <span class='ocrx_word' id='word_1_90' title='bbox 1070 1100 1103 1152; x_wconf 84' lang='lat' dir='ltr'><strong>le</strong></span> 
     </span>
     <span class='ocr_line' id='line_1_12' title="bbox 94 1175 1060 1256; baseline 0.002 -20"><span class='ocrx_word' id='word_1_91' title='bbox 94 1193 167 1236; x_wconf 89' lang='lat' dir='ltr'><strong>nam</strong></span> <span class='ocrx_word' id='word_1_92' title='bbox 188 1175 225 1235; x_wconf 85' lang='lat' dir='ltr'><strong>ad</strong></span> <span class='ocrx_word' id='word_1_93' title='bbox 244 1176 363 1238; x_wconf 87' lang='lat' dir='ltr'><strong>moenia</strong></span> <span class='ocrx_word' id='word_1_94' title='bbox 380 1178 475 1238; x_wconf 85' lang='lat' dir='ltr'><strong>victor</strong></span> <span class='ocrx_word' id='word_1_95' title='bbox 498 1177 622 1237; x_wconf 84' lang='lat' dir='ltr'><strong>accessit</strong></span> <span class='ocrx_word' id='word_1_96' title='bbox 635 1207 679 1220; x_wconf 91' lang='lat'><em>-</em></span> <span class='ocrx_word' id='word_1_97' title='bbox 690 1179 830 1254; x_wconf 88' lang='lat' dir='ltr'><strong>cepisset,</strong></span> <span class='ocrx_word' id='word_1_98' title='bbox 854 1180 886 1239; x_wconf 91' lang='lat' dir='ltr'><strong>ni</strong></span> <span class='ocrx_word' id='word_1_99' title='bbox 905 1176 995 1256; x_wconf 88' lang='lat' dir='ltr'><strong>legati</strong></span> <span class='ocrx_word' id='word_1_100' title='bbox 1010 1178 1060 1238; x_wconf 88' lang='lat' dir='ltr'><strong>do·</strong></span> 
     </span>
     <span class='ocr_line' id='line_1_13' title="bbox 95 1259 1104 1340; baseline -0.003 -19"><span class='ocrx_word' id='word_1_101' title='bbox 95 1260 201 1321; x_wconf 87' lang='lat' dir='ltr'><strong>dentes</strong></span> <span class='ocrx_word' id='word_1_102' title='bbox 216 1259 323 1322; x_wconf 91' lang='lat' dir='ltr'><strong>urbem</strong></span> <span class='ocrx_word' id='word_1_103' title='bbox 339 1263 478 1320; x_wconf 80' lang='lat' dir='ltr'><strong>exissent.</strong></span> <span class='ocrx_word' id='word_1_104' title='bbox 512 1259 659 1338; x_wconf 89' lang='lat' dir='ltr'><strong>praesidio</strong></span> <span class='ocrx_word' id='word_1_105' title='bbox 669 1260 808 1322; x_wconf 86' lang='lat' dir='ltr'><strong>Perusiae</strong></span> <span class='ocrx_word' id='word_1_106' title='bbox 822 1263 963 1340; x_wconf 92' lang='lat' dir='ltr'><strong>inposito,</strong></span> <span class='ocrx_word' id='word_1_107' title='bbox 979 1261 1058 1340; x_wconf 79' lang='lat' dir='ltr'><strong>lega·</strong></span> <span class='ocrx_word' id='word_1_108' title='bbox 1070 1268 1104 1319; x_wconf 86' lang='lat'><strong>20</strong></span> 
     </span>
     <span class='ocr_line' id='line_1_14' title="bbox 94 1341 1061 1423; baseline 0 -19"><span class='ocrx_word' id='word_1_109' title='bbox 94 1341 225 1404; x_wconf 88' lang='lat' dir='ltr'><strong>tionibus</strong></span> <span class='ocrx_word' id='word_1_110' title='bbox 241 1343 378 1406; x_wconf 83' lang='lat' dir='ltr'><strong>Etruriae</strong></span> <span class='ocrx_word' id='word_1_111' title='bbox 393 1342 552 1406; x_wconf 88' lang='lat' dir='ltr'><strong>amicitiam</strong></span> <span class='ocrx_word' id='word_1_112' title='bbox 566 1343 736 1422; x_wconf 89' lang='lat' dir='ltr'><strong>petentibus</strong></span> <span class='ocrx_word' id='word_1_113' title='bbox 749 1363 821 1423; x_wconf 78' lang='lat' dir='ltr'><strong>prae</strong></span> <span class='ocrx_word' id='word_1_114' title='bbox 837 1363 870 1406; x_wconf 90' lang='lat' dir='ltr'><strong>se</strong></span> <span class='ocrx_word' id='word_1_115' title='bbox 884 1345 1008 1406; x_wconf 86' lang='lat' dir='ltr'><strong>Romam</strong></span> <span class='ocrx_word' id='word_1_116' title='bbox 1023 1343 1061 1405; x_wconf 92' lang='lat' dir='ltr'><strong>ad</strong></span> 
     </span>
     <span class='ocr_line' id='line_1_15' title="bbox 93 1423 1059 1508; baseline -0.001 -20"><span class='ocrx_word' id='word_1_117' title='bbox 93 1434 231 1490; x_wconf 88' lang='lat' dir='ltr'><strong>sonatum</strong></span> <span class='ocrx_word' id='word_1_118' title='bbox 248 1428 362 1498; x_wconf 85' lang='lat' dir='ltr'><strong>missis,</strong></span> <span class='ocrx_word' id='word_1_119' title='bbox 384 1423 485 1488; x_wconf 88' lang='lat' dir='ltr'><strong>consul</strong></span> <span class='ocrx_word' id='word_1_120' title='bbox 500 1428 714 1507; x_wconf 87' lang='lat' dir='ltr'><strong>praestantiore</strong></span> <span class='ocrx_word' id='word_1_121' title='bbox 730 1429 818 1488; x_wconf 90' lang='lat' dir='ltr'><strong>etiam</strong></span> <span class='ocrx_word' id='word_1_122' title='bbox 830 1447 919 1508; x_wconf 88' lang='lat' dir='ltr'><strong>quam</strong></span> <span class='ocrx_word' id='word_1_123' title='bbox 934 1430 1059 1489; x_wconf 85' lang='lat' dir='ltr'><strong>dictator</strong></span> 
     </span>
     <span class='ocr_line' id='line_1_16' title="bbox 93 1510 1101 1592; baseline -0.002 -20"><span class='ocrx_word' id='word_1_124' title='bbox 93 1512 217 1574; x_wconf 80' lang='lat' dir='ltr'><strong>victoria</strong></span> <span class='ocrx_word' id='word_1_125' title='bbox 235 1513 422 1592; x_wconf 88' lang='lat' dir='ltr'><strong>triumphans</strong></span> <span class='ocrx_word' id='word_1_126' title='bbox 442 1510 548 1574; x_wconf 92' lang='lat' dir='ltr'><strong>urbem</strong></span> <span class='ocrx_word' id='word_1_127' title='bbox 566 1518 611 1573; x_wconf 88' lang='lat' dir='ltr'><strong>est</strong></span> <span class='ocrx_word' id='word_1_128' title='bbox 633 1511 775 1573; x_wconf 87' lang='lat' dir='ltr'><strong>invectus.</strong></span> <span class='ocrx_word' id='word_1_129' title='bbox 808 1513 878 1592; x_wconf 92' lang='lat' dir='ltr'><strong>quin</strong></span> <span class='ocrx_word' id='word_1_130' title='bbox 898 1514 985 1573; x_wconf 90' lang='lat' dir='ltr'><strong>etiam</strong></span> <span class='ocrx_word' id='word_1_131' title='bbox 1006 1512 1057 1572; x_wconf 90' lang='lat' dir='ltr'><strong>de·</strong></span> <span class='ocrx_word' id='word_1_132' title='bbox 1069 1517 1101 1570; x_wconf 80' lang='lat'><strong>21</strong></span> 
     </span>
     <span class='ocr_line' id='line_1_17' title="bbox 93 1593 1059 1677; baseline 0.002 -23"><span class='ocrx_word' id='word_1_133' title='bbox 93 1596 240 1658; x_wconf 84' lang='lat' dir='ltr'><strong>victorum</strong></span> <span class='ocrx_word' id='word_1_134' title='bbox 255 1596 433 1659; x_wconf 89' lang='lat' dir='ltr'><strong>Samnitium</strong></span> <span class='ocrx_word' id='word_1_135' title='bbox 451 1593 541 1658; x_wconf 89' lang='lat' dir='ltr'><strong>decus</strong></span> <span class='ocrx_word' id='word_1_136' title='bbox 561 1613 669 1674; x_wconf 79' lang='lat' dir='ltr'><strong>magna</strong></span> <span class='ocrx_word' id='word_1_137' title='bbox 683 1614 720 1659; x_wconf 83' lang='lat' dir='ltr'><strong>ex</strong></span> <span class='ocrx_word' id='word_1_138' title='bbox 737 1603 823 1677; x_wconf 88' lang='lat' dir='ltr'><strong>parte</strong></span> <span class='ocrx_word' id='word_1_139' title='bbox 843 1596 880 1656; x_wconf 90' lang='lat' dir='ltr'><strong>ad</strong></span> <span class='ocrx_word' id='word_1_140' title='bbox 900 1595 1012 1675; x_wconf 84' lang='lat' dir='ltr'><strong>legatos</strong></span> <span class='ocrx_word' id='word_1_141' title='bbox 1025 1596 1059 1657; x_wconf 90' lang='lat' dir='ltr'><strong>P.</strong></span> 
     </span>
     <span class='ocr_line' id='line_1_18' title="bbox 93 1679 1059 1762; baseline 0 -20"><span class='ocrx_word' id='word_1_142' title='bbox 93 1679 269 1748; x_wconf 82' lang='lat' dir='ltr'><strong>Deciumet</strong></span> <span class='ocrx_word' id='word_1_143' title='bbox 282 1681 322 1744; x_wconf 89' lang='lat' dir='ltr'><strong>ll.</strong></span> <span class='ocrx_word' id='word_1_144' title='bbox 336 1681 488 1742; x_wconf 83' lang='lat' dir='ltr'><strong>Valerium</strong></span> <span class='ocrx_word' id='word_1_145' title='bbox 502 1689 548 1744; x_wconf 90' lang='lat' dir='ltr'><strong>est</strong></span> <span class='ocrx_word' id='word_1_146' title='bbox 561 1697 693 1752; x_wconf 82' lang='lat' dir='ltr'><strong>versum,</strong></span> <span class='ocrx_word' id='word_1_147' title='bbox 719 1699 793 1762; x_wconf 88' lang='lat' dir='ltr'><strong>quos</strong></span> <span class='ocrx_word' id='word_1_148' title='bbox 813 1680 940 1760; x_wconf 89' lang='lat' dir='ltr'><strong>populus</strong></span> <span class='ocrx_word' id='word_1_149' title='bbox 959 1681 1059 1760; x_wconf 82' lang='lat' dir='ltr'><strong>proxi·</strong></span> 
     </span>
     <span class='ocr_line' id='line_1_19' title="bbox 94 1763 1059 1843; baseline 0.001 -18"><span class='ocrx_word' id='word_1_150' title='bbox 94 1763 153 1825; x_wconf 86' lang='lat' dir='ltr'><strong>mis</strong></span> <span class='ocrx_word' id='word_1_151' title='bbox 167 1767 295 1828; x_wconf 87' lang='lat' dir='ltr'><strong>comitiis</strong></span> <span class='ocrx_word' id='word_1_152' title='bbox 308 1765 423 1843; x_wconf 86' lang='lat' dir='ltr'><strong>ingenti</strong></span> <span class='ocrx_word' id='word_1_153' title='bbox 438 1783 585 1828; x_wconf 83' lang='lat' dir='ltr'><strong>consensu</strong></span> <span class='ocrx_word' id='word_1_154' title='bbox 600 1765 752 1828; x_wconf 92' lang='lat' dir='ltr'><strong>consulem</strong></span> <span class='ocrx_word' id='word_1_155' title='bbox 771 1764 916 1835; x_wconf 87' lang='lat' dir='ltr'><strong>alterum,</strong></span> <span class='ocrx_word' id='word_1_156' title='bbox 932 1764 1059 1827; x_wconf 89' lang='lat' dir='ltr'><strong>alterum</strong></span> 
     </span>
     <span class='ocr_line' id='line_1_20' title="bbox 95 1848 448 1928; baseline -0.003 -20"><span class='ocrx_word' id='word_1_157' title='bbox 95 1856 266 1928; x_wconf 88' lang='lat' dir='ltr'><strong>praetorem</strong></span> <span class='ocrx_word' id='word_1_158' title='bbox 281 1848 448 1910; x_wconf 85' lang='lat' dir='ltr'><strong>declaravit.</strong></span> 
     </span>
    </p>

    <p class='ocr_par' dir='ltr' id='par_1_4' title="bbox 93 1931 1122 3527">
     <span class='ocr_line' id='line_1_21' title="bbox 155 1931 1085 2012; baseline -0.01 -17"><span class='ocrx_word' id='word_1_159' title='bbox 155 1931 229 1995; x_wconf 87' lang='lat' dir='ltr'><strong>XLl.</strong></span> <span class='ocrx_word' id='word_1_160' title='bbox 264 1932 357 1996; x_wconf 83' lang='lat' dir='ltr'><strong>Fabio</strong></span> <span class='ocrx_word' id='word_1_161' title='bbox 382 1932 421 1994; x_wconf 94' lang='lat' dir='ltr'><strong>ob</strong></span> <span class='ocrx_word' id='word_1_162' title='bbox 450 1935 569 2012; x_wconf 85' lang='lat' dir='ltr'><strong>egregie</strong></span> <span class='ocrx_word' id='word_1_163' title='bbox 595 1933 792 2011; x_wconf 90' lang='lat' dir='ltr'><strong>perdomitam</strong></span> <span class='ocrx_word' id='word_1_164' title='bbox 813 1931 962 1992; x_wconf 86' lang='lat' dir='ltr'><strong>Etruriam</strong></span> <span class='ocrx_word' id='word_1_165' title='bbox 987 1936 1085 1991; x_wconf 92' lang='lat' dir='ltr'><strong>con-1</strong></span> 
     </span>
     <span class='ocr_line' id='line_1_22' title="bbox 93 2014 1058 2096; baseline -0.005 -19"><span class='ocrx_word' id='word_1_166' title='bbox 93 2018 227 2078; x_wconf 85' lang='lat' dir='ltr'><strong>tinuatur</strong></span> <span class='ocrx_word' id='word_1_167' title='bbox 242 2016 430 2087; x_wconf 86' lang='lat' dir='ltr'><strong>consulatus,</strong></span> <span class='ocrx_word' id='word_1_168' title='bbox 452 2019 541 2080; x_wconf 88' lang='lat' dir='ltr'><strong>lleoio</strong></span> <span class='ocrx_word' id='word_1_169' title='bbox 562 2015 675 2096; x_wconf 79' lang='lat' dir='ltr'><strong>collega</strong></span> <span class='ocrx_word' id='word_1_170' title='bbox 697 2016 792 2078; x_wconf 89' lang='lat' dir='ltr'><strong>datur.</strong></span> <span class='ocrx_word' id='word_1_171' title='bbox 819 2014 954 2075; x_wconf 83' lang='lat' dir='ltr'><strong>Valerius</strong></span> <span class='ocrx_word' id='word_1_172' title='bbox 972 2031 1058 2092; x_wconf 87' lang='lat' dir='ltr'><strong>prae-</strong></span> 
     </span>
     <span class='ocr_line' id='line_1_23' title="bbox 93 2097 1086 2180; baseline -0.008 -18"><span class='ocrx_word' id='word_1_173' title='bbox 93 2109 144 2162; x_wconf 86' lang='lat' dir='ltr'><strong>tor</strong></span> <span class='ocrx_word' id='word_1_174' title='bbox 157 2111 296 2180; x_wconf 90' lang='lat' dir='ltr'><strong>quartum</strong></span> <span class='ocrx_word' id='word_1_175' title='bbox 311 2108 439 2161; x_wconf 87' lang='lat' dir='ltr'><strong>creatus.</strong></span> <span class='ocrx_word' id='word_1_176' title='bbox 470 2097 606 2160; x_wconf 85' lang='lat' dir='ltr'><strong>consules</strong></span> <span class='ocrx_word' id='word_1_177' title='bbox 619 2101 721 2179; x_wconf 81' lang='lat' dir='ltr'><strong>partiti</strong></span> <span class='ocrx_word' id='word_1_178' title='bbox 736 2099 919 2178; x_wconf 86' lang='lat' dir='ltr'><strong>provincias:</strong></span> <span class='ocrx_word' id='word_1_179' title='bbox 941 2097 1086 2158; x_wconf 78' lang='lat' dir='ltr'><strong>Etruriae</strong></span> 
     </span>
     <span class='ocr_line' id='line_1_24' title="bbox 93 2179 1088 2261; baseline -0.009 -14"><span class='ocrx_word' id='word_1_180' title='bbox 93 2185 195 2254; x_wconf 86' lang='lat' dir='ltr'><strong>Decio,</strong></span> <span class='ocrx_word' id='word_1_181' title='bbox 209 2185 361 2245; x_wconf 88' lang='lat' dir='ltr'><strong>Samnium</strong></span> <span class='ocrx_word' id='word_1_182' title='bbox 372 2181 464 2244; x_wconf 89' lang='lat' dir='ltr'><strong>Fabio</strong></span> <span class='ocrx_word' id='word_1_183' title='bbox 475 2183 581 2244; x_wconf 82' lang='lat' dir='ltr'><strong>evenit</strong></span> <span class='ocrx_word' id='word_1_184' title='bbox 606 2186 632 2244; x_wconf 84' lang='lat' dir='ltr'><strong>t&#39;s</strong></span> <span class='ocrx_word' id='word_1_185' title='bbox 641 2182 792 2261; x_wconf 88' lang='lat' dir='ltr'><strong>proiectus</strong></span> <span class='ocrx_word' id='word_1_186' title='bbox 803 2182 840 2242; x_wconf 89' lang='lat' dir='ltr'><strong>ad</strong></span> <span class='ocrx_word' id='word_1_187' title='bbox 847 2182 1004 2242; x_wconf 88' lang='lat' dir='ltr'><strong>Nuceriam</strong></span> <span class='ocrx_word' id='word_1_188' title='bbox 1010 2179 1058 2240; x_wconf 78' lang='grc' dir='ltr'><strong>ΑΙ-</strong></span> <span class='ocrx_word' id='word_1_189' title='bbox 1071 2187 1088 2238; x_wconf 85' lang='lat' dir='ltr'><strong>a</strong></span> 
     </span>
     <span class='ocr_line' id='line_1_25' title="bbox 93 2265 1068 2345; baseline -0.011 -15"><span class='ocrx_word' id='word_1_190' title='bbox 93 2269 258 2337; x_wconf 83' lang='lat' dir='ltr'><strong>laternam,</strong></span> <span class='ocrx_word' id='word_1_191' title='bbox 273 2275 336 2328; x_wconf 91' lang='lat' dir='ltr'><strong>tum</strong></span> <span class='ocrx_word' id='word_1_192' title='bbox 350 2283 454 2344; x_wconf 88' lang='lat' dir='ltr'><strong>paoem</strong></span> <span class='ocrx_word' id='word_1_193' title='bbox 468 2266 610 2345; x_wconf 91' lang='lat' dir='ltr'><strong>petentis,</strong></span> <span class='ocrx_word' id='word_1_194' title='bbox 627 2266 707 2345; x_wconf 93' lang='lat' dir='ltr'><strong>quod</strong></span> <span class='ocrx_word' id='word_1_195' title='bbox 720 2267 764 2326; x_wconf 88' lang='lat' dir='ltr'><strong>nti</strong></span> <span class='ocrx_word' id='word_1_196' title='bbox 779 2284 829 2334; x_wconf 91' lang='lat' dir='ltr'><strong>ea,</strong></span> <span class='ocrx_word' id='word_1_197' title='bbox 850 2283 917 2324; x_wconf 88' lang='lat' dir='ltr'><strong>cnm</strong></span> <span class='ocrx_word' id='word_1_198' title='bbox 929 2265 1068 2332; x_wconf 78' lang='lat' dir='ltr'><strong>daretur,</strong></span> 
     </span>
     <span class='ocr_line' id='line_1_26' title="bbox 95 2345 1058 2430; baseline -0.005 -17"><span class='ocrx_word' id='word_1_199' title='bbox 95 2351 274 2422; x_wconf 88' lang='lat' dir='ltr'><strong>noluissent,</strong></span> <span class='ocrx_word' id='word_1_200' title='bbox 285 2358 458 2428; x_wconf 89' lang='lat' dir='ltr'><strong>aspernatus</strong></span> <span class='ocrx_word' id='word_1_201' title='bbox 470 2355 529 2418; x_wconf 88' lang='lat' dir='ltr'><strong>est;</strong></span> <span class='ocrx_word' id='word_1_202' title='bbox 539 2349 737 2430; x_wconf 85' lang='lat' dir='ltr'><strong>oppugnando</strong></span> <span class='ocrx_word' id='word_1_203' title='bbox 747 2349 784 2409; x_wconf 90' lang='lat' dir='ltr'><strong>ad</strong></span> <span class='ocrx_word' id='word_1_204' title='bbox 796 2348 975 2408; x_wconf 89' lang='lat' dir='ltr'><strong>deditionem</strong></span> <span class='ocrx_word' id='word_1_205' title='bbox 989 2345 1058 2408; x_wconf 89' lang='lat' dir='ltr'><strong>sub·</strong></span> 
     </span>
     <span class='ocr_line' id='line_1_27' title="bbox 96 2432 1086 2516; baseline -0.012 -19"><span class='ocrx_word' id='word_1_206' title='bbox 96 2439 166 2516; x_wconf 82' lang='lat' dir='ltr'><strong>egit.</strong></span> <span class='ocrx_word' id='word_1_207' title='bbox 197 2453 266 2498; x_wconf 86' lang='lat' dir='ltr'><strong>cum</strong></span> <span class='ocrx_word' id='word_1_208' title='bbox 283 2433 464 2496; x_wconf 86' lang='lat' dir='ltr'><strong>Samnitibus</strong></span> <span class='ocrx_word' id='word_1_209' title='bbox 485 2434 549 2494; x_wconf 91' lang='lat' dir='ltr'><strong>acie</strong></span> <span class='ocrx_word' id='word_1_210' title='bbox 566 2433 754 2505; x_wconf 67' lang='lat' dir='ltr'><strong>dimicatum</strong></span> <span class='ocrx_word' id='word_1_211' title='bbox 775 2432 854 2495; x_wconf 90' lang='lat' dir='ltr'><strong>haud</strong></span> <span class='ocrx_word' id='word_1_212' title='bbox 869 2450 977 2510; x_wconf 85' lang='lat' dir='ltr'><strong>magno</strong></span> <span class='ocrx_word' id='word_1_213' title='bbox 993 2437 1086 2492; x_wconf 82' lang='lat' dir='ltr'><strong>cer-4</strong></span> 
     </span>
     <span class='ocr_line' id='line_1_28' title="bbox 94 2515 1059 2599; baseline -0.008 -17"><span class='ocrx_word' id='word_1_214' title='bbox 94 2522 206 2582; x_wconf 89' lang='lat' dir='ltr'><strong>tamine</strong></span> <span class='ocrx_word' id='word_1_215' title='bbox 229 2521 330 2582; x_wconf 88' lang='lat' dir='ltr'><strong>hostes</strong></span> <span class='ocrx_word' id='word_1_216' title='bbox 353 2519 436 2582; x_wconf 88' lang='lat' dir='ltr'><strong>ricti:</strong></span> <span class='ocrx_word' id='word_1_217' title='bbox 463 2535 559 2597; x_wconf 88' lang='lat' dir='ltr'><strong>neque</strong></span> <span class='ocrx_word' id='word_1_218' title='bbox 577 2520 640 2580; x_wconf 92' lang='lat' dir='ltr'><strong>eius</strong></span> <span class='ocrx_word' id='word_1_219' title='bbox 660 2537 777 2599; x_wconf 85' lang='lat' dir='ltr'><strong>pugnae</strong></span> <span class='ocrx_word' id='word_1_220' title='bbox 793 2518 936 2578; x_wconf 87' lang='lat' dir='ltr'><strong>memoria</strong></span> <span class='ocrx_word' id='word_1_221' title='bbox 952 2515 1059 2576; x_wconf 89' lang='lat' dir='ltr'><strong>tradita</strong></span> 
     </span>
     <span class='ocr_line' id='line_1_29' title="bbox 94 2599 1057 2685; baseline -0.008 -19"><span class='ocrx_word' id='word_1_222' title='bbox 94 2604 189 2676; x_wconf 83' lang='lat' dir='ltr'><strong>loret,</strong></span> <span class='ocrx_word' id='word_1_223' title='bbox 202 2607 234 2666; x_wconf 93' lang='lat' dir='ltr'><strong>ni</strong></span> <span class='ocrx_word' id='word_1_224' title='bbox 243 2605 334 2667; x_wconf 90' lang='lat' dir='ltr'><strong>Marsi</strong></span> <span class='ocrx_word' id='word_1_225' title='bbox 345 2622 381 2666; x_wconf 90' lang='lat' dir='ltr'><strong>eo</strong></span> <span class='ocrx_word' id='word_1_226' title='bbox 391 2605 521 2685; x_wconf 91' lang='lat' dir='ltr'><strong>primum</strong></span> <span class='ocrx_word' id='word_1_227' title='bbox 531 2604 646 2682; x_wconf 91' lang='lat' dir='ltr'><strong>proelio</strong></span> <span class='ocrx_word' id='word_1_228' title='bbox 658 2622 725 2664; x_wconf 93' lang='lat' dir='ltr'><strong>cum</strong></span> <span class='ocrx_word' id='word_1_229' title='bbox 736 2603 878 2665; x_wconf 88' lang='lat' dir='ltr'><strong>Romanis</strong></span> <span class='ocrx_word' id='word_1_230' title='bbox 888 2599 1057 2661; x_wconf 90' lang='lat' dir='ltr'><strong>bellassent.</strong></span> 
     </span>
     <span class='ocr_line' id='line_1_30' title="bbox 95 2685 1059 2766; baseline -0.008 -16"><span class='ocrx_word' id='word_1_231' title='bbox 95 2691 191 2751; x_wconf 88' lang='lat' dir='ltr'><strong>secuti</strong></span> <span class='ocrx_word' id='word_1_232' title='bbox 209 2690 376 2751; x_wconf 85' lang='lat' dir='ltr'><strong>Marsorum</strong></span> <span class='ocrx_word' id='word_1_233' title='bbox 394 2689 591 2750; x_wconf 86' lang='lat' dir='ltr'><strong>delectionem</strong></span> <span class='ocrx_word' id='word_1_234' title='bbox 606 2687 738 2766; x_wconf 90' lang='lat' dir='ltr'><strong>Paeligni</strong></span> <span class='ocrx_word' id='word_1_235' title='bbox 761 2685 885 2748; x_wconf 90' lang='lat' dir='ltr'><strong>eandem</strong></span> <span class='ocrx_word' id='word_1_236' title='bbox 910 2685 1059 2745; x_wconf 81' lang='lat' dir='ltr'><strong>fortunam</strong></span> 
     </span>
     <span class='ocr_line' id='line_1_31' title="bbox 95 2766 1086 2855; baseline -0.009 -21"><span class='ocrx_word' id='word_1_237' title='bbox 95 2773 274 2837; x_wconf 86' lang='lat' dir='ltr'><strong>habuerunt.</strong></span> <span class='ocrx_word' id='word_1_238' title='bbox 313 2772 405 2835; x_wconf 88' lang='lat' dir='ltr'><strong>Decio</strong></span> <span class='ocrx_word' id='word_1_239' title='bbox 425 2787 557 2851; x_wconf 90' lang='lat' dir='ltr'><strong>qnoque,</strong></span> <span class='ocrx_word' id='word_1_240' title='bbox 581 2772 667 2833; x_wconf 89' lang='lat' dir='ltr'><strong>alteri</strong></span> <span class='ocrx_word' id='word_1_241' title='bbox 689 2770 817 2839; x_wconf 87' lang='lat' dir='ltr'><strong>consuli,</strong></span> <span class='ocrx_word' id='word_1_242' title='bbox 842 2769 972 2832; x_wconf 87' lang='lat' dir='ltr'><strong>secunda</strong></span> <span class='ocrx_word' id='word_1_243' title='bbox 991 2766 1086 2855; x_wconf 74' lang='lat' dir='ltr'><strong>bellic</strong></span> 
     </span>
     <span class='ocr_line' id='line_1_32' title="bbox 95 2855 1058 2938; baseline -0.003 -19"><span class='ocrx_word' id='word_1_244' title='bbox 95 2858 215 2920; x_wconf 79' lang='lat' dir='ltr'><strong>fortuna</strong></span> <span class='ocrx_word' id='word_1_245' title='bbox 228 2864 301 2920; x_wconf 89' lang='lat' dir='ltr'><strong>erat.</strong></span> <span class='ocrx_word' id='word_1_246' title='bbox 328 2859 573 2938; x_wconf 83' lang='lat' dir='ltr'><strong>Tarquiniensem</strong></span> <span class='ocrx_word' id='word_1_247' title='bbox 592 2866 674 2918; x_wconf 91' lang='lat' dir='ltr'><strong>metu</strong></span> <span class='ocrx_word' id='word_1_248' title='bbox 694 2856 852 2934; x_wconf 87' lang='lat' dir='ltr'><strong>subegerat</strong></span> <span class='ocrx_word' id='word_1_249' title='bbox 876 2855 1058 2916; x_wconf 79' lang='lat' dir='ltr'><strong>trumentum</strong></span> 
     </span>
     <span class='ocr_line' id='line_1_33' title="bbox 97 2941 1058 3022; baseline -0.005 -20"><span class='ocrx_word' id='word_1_250' title='bbox 97 2945 240 3004; x_wconf 88' lang='lat' dir='ltr'><strong>exercitui</strong></span> <span class='ocrx_word' id='word_1_251' title='bbox 264 2943 409 3022; x_wconf 88' lang='lat' dir='ltr'><strong>praebere</strong></span> <span class='ocrx_word' id='word_1_252' title='bbox 433 2951 520 3022; x_wconf 85' lang='lat' dir='ltr'><strong>atque</strong></span> <span class='ocrx_word' id='word_1_253' title='bbox 545 2943 674 3004; x_wconf 88' lang='lat' dir='ltr'><strong>indutias</strong></span> <span class='ocrx_word' id='word_1_254' title='bbox 694 2943 727 3004; x_wconf 94' lang='lat' dir='ltr'><strong>in</strong></span> <span class='ocrx_word' id='word_1_255' title='bbox 751 2941 944 3022; x_wconf 89' lang='lat' dir='ltr'><strong>qnadraginta</strong></span> <span class='ocrx_word' id='word_1_256' title='bbox 964 2955 1058 3000; x_wconf 90' lang='lat' dir='ltr'><strong>annos</strong></span> 
     </span>
     <span class='ocr_line' id='line_1_34' title="bbox 98 3022 1122 3105; baseline -0.006 -15"><span class='ocrx_word' id='word_1_257' title='bbox 98 3033 211 3105; x_wconf 88' lang='lat' dir='ltr'><strong>petere.</strong></span> <span class='ocrx_word' id='word_1_258' title='bbox 239 3026 468 3090; x_wconf 89' lang='lat' dir='ltr'><strong>Vulsiniensium</strong></span> <span class='ocrx_word' id='word_1_259' title='bbox 488 3027 606 3089; x_wconf 85' lang='lat' dir='ltr'><strong>castella</strong></span> <span class='ocrx_word' id='word_1_260' title='bbox 625 3027 735 3105; x_wconf 91' lang='lat' dir='ltr'><strong>aliquot</strong></span> <span class='ocrx_word' id='word_1_261' title='bbox 755 3028 784 3085; x_wconf 87' lang='lat' dir='ltr'><strong>vi</strong></span> <span class='ocrx_word' id='word_1_262' title='bbox 799 3028 891 3104; x_wconf 88' lang='lat' dir='ltr'><strong>cepit;</strong></span> <span class='ocrx_word' id='word_1_263' title='bbox 915 3022 1085 3102; x_wconf 78' lang='lat' dir='ltr'><strong>quaedamo</strong></span> <span class='ocrx_word' id='word_1_264' title='bbox 1119 3076 1122 3084; x_wconf 92' lang='lat'><em>.</em></span> 
     </span>
     <span class='ocr_line' id='line_1_35' title="bbox 97 3106 1059 3191; baseline -0.009 -19"><span class='ocrx_word' id='word_1_265' title='bbox 97 3129 135 3172; x_wconf 87' lang='lat' dir='ltr'><strong>ex</strong></span> <span class='ocrx_word' id='word_1_266' title='bbox 147 3112 194 3172; x_wconf 89' lang='lat' dir='ltr'><strong>his</strong></span> <span class='ocrx_word' id='word_1_267' title='bbox 205 3111 309 3183; x_wconf 81' lang='lat' dir='ltr'><strong>dirrdt,</strong></span> <span class='ocrx_word' id='word_1_268' title='bbox 324 3130 363 3173; x_wconf 89' lang='lat' dir='ltr'><strong>ne</strong></span> <span class='ocrx_word' id='word_1_269' title='bbox 374 3112 561 3191; x_wconf 88' lang='lat' dir='ltr'><strong>receptaculo</strong></span> <span class='ocrx_word' id='word_1_270' title='bbox 572 3110 706 3172; x_wconf 91' lang='lat' dir='ltr'><strong>hostibus</strong></span> <span class='ocrx_word' id='word_1_271' title='bbox 717 3116 831 3176; x_wconf 89' lang='lat' dir='ltr'><strong>essent;</strong></span> <span class='ocrx_word' id='word_1_272' title='bbox 848 3106 1059 3167; x_wconf 81' lang='lat' dir='ltr'><strong>circumferen-</strong></span> 
     </span>
     <span class='ocr_line' id='line_1_36' title="bbox 99 3191 1080 3275; baseline -0.011 -18"><span class='ocrx_word' id='word_1_273' title='bbox 99 3195 195 3275; x_wconf 89' lang='lat' dir='ltr'><strong>doqne</strong></span> <span class='ocrx_word' id='word_1_274' title='bbox 209 3198 320 3274; x_wconf 90' lang='lat' dir='ltr'><strong>passim</strong></span> <span class='ocrx_word' id='word_1_275' title='bbox 334 3195 413 3258; x_wconf 92' lang='lat' dir='ltr'><strong>bello</strong></span> <span class='ocrx_word' id='word_1_276' title='bbox 433 3202 546 3257; x_wconf 90' lang='lat' dir='ltr'><strong>tantum</strong></span> <span class='ocrx_word' id='word_1_277' title='bbox 566 3202 712 3254; x_wconf 89' lang='lat' dir='ltr'><strong>terrorem</strong></span> <span class='ocrx_word' id='word_1_278' title='bbox 727 3193 774 3253; x_wconf 89' lang='lat' dir='ltr'><strong>sui</strong></span> <span class='ocrx_word' id='word_1_279' title='bbox 796 3191 880 3261; x_wconf 87' lang='lat' dir='ltr'><strong>iecit,</strong></span> <span class='ocrx_word' id='word_1_280' title='bbox 901 3197 935 3250; x_wconf 89' lang='lat' dir='ltr'><strong>ut</strong></span> <span class='ocrx_word' id='word_1_281' title='bbox 950 3203 1060 3248; x_wconf 92' lang='lat' dir='ltr'><strong>nomen</strong></span> <span class='ocrx_word' id='word_1_282' title='bbox 1078 3222 1080 3227; x_wconf 93' lang='lat'>·</span> 
     </span>
     <span class='ocr_line' id='line_1_37' title="bbox 98 3270 1086 3356; baseline -0.014 -14"><span class='ocrx_word' id='word_1_283' title='bbox 98 3299 186 3342; x_wconf 89' lang='lat' dir='ltr'><strong>omne</strong></span> <span class='ocrx_word' id='word_1_284' title='bbox 206 3281 364 3356; x_wconf 87' lang='lat' dir='ltr'><strong>Etruscum</strong></span> <span class='ocrx_word' id='word_1_285' title='bbox 388 3279 492 3341; x_wconf 78' lang='lat' dir='ltr'><strong>foedus</strong></span> <span class='ocrx_word' id='word_1_286' title='bbox 517 3279 554 3340; x_wconf 89' lang='lat' dir='ltr'><strong>ab</strong></span> <span class='ocrx_word' id='word_1_287' title='bbox 584 3275 704 3336; x_wconf 87' lang='lat' dir='ltr'><strong>consule</strong></span> <span class='ocrx_word' id='word_1_288' title='bbox 727 3280 852 3354; x_wconf 82' lang='lat' dir='ltr'><strong>peteret</strong></span> <span class='ocrx_word' id='word_1_289' title='bbox 897 3289 931 3332; x_wconf 91' lang='lat' dir='ltr'><strong>ao</strong></span> <span class='ocrx_word' id='word_1_290' title='bbox 958 3270 995 3331; x_wconf 91' lang='lat' dir='ltr'><strong>de</strong></span> <span class='ocrx_word' id='word_1_291' title='bbox 1021 3275 1086 3332; x_wconf 86' lang='lat' dir='ltr'><strong>eor</strong></span> 
     </span>
     <span class='ocr_line' id='line_1_38' title="bbox 98 3354 1059 3444; baseline -0.01 -18"><span class='ocrx_word' id='word_1_292' title='bbox 98 3364 217 3443; x_wconf 89' lang='lat' dir='ltr'><strong>quidem</strong></span> <span class='ocrx_word' id='word_1_293' title='bbox 243 3365 318 3426; x_wconf 91' lang='lat' dir='ltr'><strong>nihil</strong></span> <span class='ocrx_word' id='word_1_294' title='bbox 345 3367 550 3444; x_wconf 67' lang='lat' dir='ltr'><strong>impetratum</strong></span> <span class='ocrx_word' id='word_1_295' title='bbox 575 3358 707 3420; x_wconf 89' lang='lat' dir='ltr'><strong>indutiae</strong></span> <span class='ocrx_word' id='word_1_296' title='bbox 731 3373 845 3419; x_wconf 91' lang='lat' dir='ltr'><strong>annuae</strong></span> <span class='ocrx_word' id='word_1_297' title='bbox 869 3355 962 3416; x_wconf 89' lang='lat' dir='ltr'><strong>datae.</strong></span> <span class='ocrx_word' id='word_1_298' title='bbox 1007 3354 1059 3417; x_wconf 87' lang='lat' dir='ltr'><strong>sti·</strong></span> 
     </span>
     <span class='ocr_line' id='line_1_39' title="bbox 99 3443 1060 3527; baseline -0.008 -19"><span class='ocrx_word' id='word_1_299' title='bbox 99 3449 239 3527; x_wconf 89' lang='lat' dir='ltr'><strong>pendium</strong></span> <span class='ocrx_word' id='word_1_300' title='bbox 249 3451 380 3509; x_wconf 87' lang='lat' dir='ltr'><strong>exercitu</strong></span> <span class='ocrx_word' id='word_1_301' title='bbox 391 3447 525 3509; x_wconf 87' lang='lat' dir='ltr'><strong>Romano</strong></span> <span class='ocrx_word' id='word_1_302' title='bbox 536 3443 673 3508; x_wconf 85' lang='lat' dir='ltr'><strong>abboste</strong></span> <span class='ocrx_word' id='word_1_303' title='bbox 688 3445 720 3504; x_wconf 92' lang='lat' dir='ltr'><strong>in</strong></span> <span class='ocrx_word' id='word_1_304' title='bbox 731 3459 799 3502; x_wconf 87' lang='lat' dir='ltr'><strong>eum</strong></span> <span class='ocrx_word' id='word_1_305' title='bbox 810 3457 920 3502; x_wconf 89' lang='lat' dir='ltr'><strong>annum</strong></span> <span class='ocrx_word' id='word_1_306' title='bbox 934 3455 1060 3519; x_wconf 89' lang='lat' dir='ltr'><strong>pensum</strong></span> 
     </span>
    </p>
   </div>
   <div class='ocr_carea' id='block_1_3' title="bbox 0 0 1285 3936">
    <p class='ocr_par' dir='ltr' id='par_1_5' title="bbox 0 0 1285 3936">
     <span class='ocr_line' id='line_1_40' title="bbox 0 0 1285 3936; baseline 0 0"><span class='ocrx_word' id='word_1_307' title='bbox 0 0 1285 3936; x_wconf 95' lang='lat' dir='ltr'><strong> </strong></span> 
     </span>
    </p>
   </div>
  </div>
 </body>
</html>
