2538 3946
361 198 456 242 arente
471 202 503 243 x.
519 199 587 241 oar.
599 185 642 242 30.
659 186 701 240 31.
721 177 760 260 [a.
778 182 811 243 O.
826 181 887 264 295]
910 255 917 270 ι
1048 185 1107 252 181

150 354 269 409 ventum
298 365 315 408 a
340 345 485 425 Paelignis
513 354 572 416 est3
600 366 636 408 ex
662 345 781 408 milibus
806 350 935 428 quinque
963 351 1000 411 ad
1027 349 1108 414 mille

151 449 237 494 eaesi.

213 515 318 593 llagna
333 515 395 576 cius
411 513 483 582 diei,
501 533 559 594 quo
570 515 600 574 in
613 515 758 576 Sentinati
771 534 843 595 agro
857 515 1015 589 bellatum,
1031 520 1136 582 lamae

151 607 195 661 est
213 601 299 660 etiam
322 616 391 658 vero
412 599 515 667 stanti:
538 597 590 660 sed
615 601 802 678 superiecere
828 601 947 681 quidam
973 603 1107 680 augendo

150 684 254 752 fidem,
277 683 327 760 qni
350 683 382 743 in
405 681 533 743 hostium
555 685 686 744 exercitu
700 684 832 763 peditum
848 684 967 746 deciens
982 691 1135 747 centenae

150 767 238 836 milia,
254 769 384 846 equitum
397 783 448 827 sex
461 767 689 846 etquadraginta
702 767 790 838 milia,
806 768 886 830 mille
899 779 1108 850 carpentorum

151 853 296 931 scripsere
312 851 416 920 luisse,
438 850 550 912 seilicet
572 869 639 912 oum
653 851 772 936 Umbris
791 854 966 934 Tuscisque.
987 863 1060 933 quos
1078 859 1134 915 eto

148 939 229 1016 ipsos
244 953 359 1014 pugnae
374 934 517 1005 adfuisse:
534 942 564 996 et
577 943 610 996 ut
621 937 821 1001 Romanorum
833 957 949 1019 quoque
965 945 1108 1016 augerent

150 1022 263 1098 copias,
279 1019 311 1080 L.
324 1019 510 1080 Volumnium
522 1037 577 1098 pro
589 1019 709 1081 consule
726 1021 831 1083 ducem
843 1022 1012 1084 consulibus
1023 1039 1106 1083 exer·

150 1104 299 1182 citumque
315 1104 377 1164 eius
399 1101 565 1181 legionibus
580 1103 733 1164 consulum
751 1105 890 1167 adiciunt.
925 1109 956 1168 in
972 1105 1135 1188 pluribus'l

150 1187 305 1248 annalibus
328 1186 453 1246 duorum
475 1205 509 1246 ea
525 1187 678 1246 consulum
700 1191 820 1267 propria
839 1191 959 1252 victoria
976 1198 1033 1260 est,
1049 1190 1106 1251 Vo-

149 1269 279 1333 lumnius
294 1272 325 1329 in
339 1270 458 1329 Samnio
469 1269 589 1329 iuterim
602 1287 652 1329 res
667 1272 756 1346 gerit,
776 1272 1009 1351 Samnitiumque
1023 1291 1107 1334 exer·

151 1356 241 1416 citum
256 1355 287 1412 in
302 1352 457 1412 Tifernum
466 1360 602 1432 *montem
617 1351 790 1432 conpulsum
805 1371 864 1415 non
880 1354 1037 1419 deterritus
1051 1356 1107 1417 ini·

150 1437 260 1517 quitate
277 1434 336 1494 loci
351 1434 447 1495 lundit
461 1435 609 1514 lugetque.

215 1519 249 1590 Q.
263 1517 503 1579 Fabiuslieciano
516 1520 647 1580 exercitu
657 1518 759 1581 relicto
772 1521 803 1582 iu
814 1521 948 1582 Etruriae
959 1519 1135 1600 praesidiott

151 1606 212 1668 setis
233 1601 396 1679 legionibus
418 1601 550 1664 deductis
569 1604 606 1666 ad
629 1603 733 1666 urbem
756 1605 793 1666 de
809 1604 898 1667 Gallis
918 1605 1107 1684 Etruscisque

151 1707 185 1750 ao
201 1686 381 1750 Samnitibus
402 1687 600 1767 triumphavit.
637 1688 746 1750 milites
766 1691 997 1769 triumphantem
1015 1689 1136 1752 occulit

152 1781 228 1835 sunt.
268 1771 415 1832 celebrata
446 1772 604 1832 inconditis
626 1774 806 1836 carminibus
844 1774 1021 1836 militaribus
1046 1790 1107 1836 non

151 1859 244 1935 magis
258 1857 379 1916 victoria
395 1855 428 1927 Q.
444 1855 529 1917 Fabii
545 1875 632 1936 quam
647 1875 728 1918 mors
743 1857 894 1937 praeclara
908 1859 941 1918 P.
957 1859 1039 1918 Decii
1055 1863 1106 1927 est,

152 1942 333 2020 excitataque
352 1941 494 2001 memoria
510 1941 641 2019 parentis
656 1951 779 2022 aequata
793 1949 899 2002 eventu
912 1939 1030 2020 publico
1046 1943 1107 2020 pri·

151 2033 274 2105 satoque
292 2024 334 2084 tili
350 2024 492 2086 laudibus.
521 2023 587 2085 data
604 2044 640 2086 ex
651 2025 761 2105 praeda
777 2024 917 2085 militibus
933 2024 1009 2088 aeris
1024 2030 1103 2086 octo·
1121 2029 1152 2082 to

152 2111 220 2188 geni
237 2110 299 2169 bini
313 2127 440 2188 sagaque
458 2116 488 2168 et
500 2109 631 2177 tunicae,
654 2109 785 2188 praemia
799 2107 849 2169 illa
865 2114 1038 2188 tempestate
1052 2108 1107 2170 mi·
1210 2114 1212 2122 ’

151 2193 230 2254 litiae
245 2192 469 2272 haudquaquam
481 2193 657 2272 spernenda.

162 2289 171 2302 ²
214 2276 315 2336 xxxi.
342 2276 394 2336 llis
414 2277 455 2336 ita
475 2275 566 2337 rebus
586 2277 675 2355 gestis
698 2293 754 2336 uec
774 2277 806 2336 in
820 2274 998 2336 Samnitibus
1013 2275 1136 2338 adbuot

153 2376 208 2421 nec
222 2361 253 2418 in
268 2359 386 2420 Etruria
400 2378 457 2440 pax
473 2367 549 2422 erat:
570 2379 638 2422 nam
655 2367 684 2421 et
694 2359 846 2420 Perusinis
860 2357 1028 2421 auctoribus
1042 2364 1110 2438 post

153 2442 309 2503 deductum
326 2441 362 2502 ab
375 2443 495 2506 consule
507 2447 668 2506 exercitum
679 2441 853 2504 rebellatum
865 2442 969 2512 luerat,
985 2451 1015 2503 et
1026 2442 1108 2504 Sam·
1120 2450 1137 2500 t

152 2528 229 2588 nites
248 2527 422 2606 praedatam
448 2529 480 2589 in
506 2547 610 2607 agrum
632 2529 789 2590 Vescinum
809 2527 1058 2606 Formianumque
1080 2531 1109 2586 et

151 2619 236 2692 parte
251 2611 307 2672 alia
329 2613 360 2669 in
380 2612 575 2674 Aeserninum
591 2629 723 2692 quaeque
737 2609 880 2671 Vulturno
899 2610 1033 2672 adiacent
1054 2608 1108 2672 llu-

152 2696 225 2756 mini
241 2694 431 2756 descendere.
458 2695 597 2757 adversus
612 2714 662 2756 eos
682 2695 736 2773 Ap.
752 2693 889 2756 Claudius
907 2700 1026 2773 praetor
1040 2699 1138 2754 cumb

152 2780 283 2840 exercitu
305 2779 433 2839 Deciano
455 2780 572 2846 missus.
613 2778 720 2839 Fabius
745 2778 777 2839 in
803 2777 922 2840 Etruria
947 2775 1109 2838 rebellante

153 2863 250 2924 denuo
266 2871 404 2941 quattuor
425 2863 504 2924 milia
526 2870 556 2924 et
576 2863 751 2942 quingentos
765 2861 976 2924 Perusinorum
992 2860 1108 2931 occidit,

152 2948 231 3024 oepit
243 2947 279 3006 ad
294 2947 373 3006 mille
385 2950 586 3027 septingentos
601 2947 806 3026 quadraginta,
823 2948 874 3027 qui
888 2945 1035 3022 redempti
1049 2946 1109 3004 sin·
1121 2951 1138 3000 4

153 3027 213 3106 guli
234 3031 312 3088 aeris
333 3033 475 3091 trecentis
497 3030 614 3100 decem;
639 3030 749 3110 praeda
772 3029 829 3090 alia
849 3031 948 3090 omnis
967 3026 1109 3089 militibus

153 3129 303 3173 concessa.
336 3113 510 3174 Samnitium
528 3113 673 3190 legiones,
689 3119 885 3191 campartem
901 3112 954 3190 Ap.
973 3109 1137 3174 Claudbmo

152 3204 286 3276 praetor,
305 3203 418 3274 partem
435 3198 467 3260 L.
486 3196 657 3259 Volumnius
674 3214 729 3275 pro
746 3195 867 3258 consule
881 3201 1063 3274 sequeretur,
1079 3193 1110 3254 in

153 3297 256 3358 agrum
278 3280 426 3341 Stellatem
454 3287 665 3342 convenerunt.
708 3279 751 3340 ibi
772 3287 803 3340 et
819 3279 993 3340 Samnitium
1008 3293 1111 3338 omues

153 3364 310 3425 considunt
332 3373 361 3424 et
389 3366 499 3444 Appius
526 3365 755 3443 Volumniusque
790 3371 886 3424 castra
919 3362 1110 3438 coniungunt.

152 3459 315 3528 pugnatum
330 3448 529 3511 inlest'issimis
542 3450 663 3522 animis,
679 3447 750 3509 hine
767 3449 812 3510 ira
825 3445 994 3510 stimulante
1010 3445 1143 3507 adver-o
