2546 3936
200 196 261 257 rot
381 207 476 248 urens
489 207 538 248 11.
554 205 623 246 cns.
640 191 683 243 10.
702 191 744 242 11.
760 181 801 264 [a.
814 207 846 247 u.
861 206 887 246 o.
904 183 967 266 434]

165 362 184 413 n
197 353 308 435 populo
319 353 450 413 Romano
466 353 546 415 dare.
574 371 655 413 arma
670 353 767 412 cuncti
781 357 915 429 spectant
929 358 958 412 et
972 348 1100 414 bellum:
1116 371 1157 415 eu

200 455 337 516 umquam
351 437 491 506 futurum,
504 443 536 495 ut
546 435 686 512 congredi
697 437 816 496 armatis
826 426 893 496 cunr
904 435 1036 496 Samnite
1049 435 1157 498 liceati

170 527 187 580 6
261 521 294 580 ln
311 521 423 579 civitate
439 521 484 578 ira
498 520 624 598 odioque
640 519 761 580 ardente
778 518 900 580 dilectus
913 535 1007 598 prope
1020 522 1155 582 omnium

198 605 428 665 voluntariorum
449 603 512 662 luit.
548 604 708 680 rescriptae
723 620 759 662 ex
774 602 877 663 eodem
894 601 986 662 milite
1003 621 1096 662 novae
1110 602 1156 663 le·
1253 657 1254 674 ,

169 691 313 766 7giones,
331 687 492 763 ductusque
507 685 544 745 ad
556 685 696 745 Caudium
708 688 862 746 exercitus.
888 687 1055 765 praegressi
1069 685 1156 746 letia—
1253 675 1254 710 ²

197 771 241 831 les
253 771 304 831 ubi
317 770 353 829 ad
364 776 480 847 portam
493 787 607 839 venere,
624 776 731 828 vestem
742 769 857 830 detrahi
867 771 948 847 pacis
962 769 1156 848 sponsoribus

197 855 312 923 iubent,
328 869 432 911 manus
454 859 525 928 post⁸
537 860 652 928 tergum
672 853 783 912 vinciri.
816 871 883 912 cum
905 855 1055 931 apparitor
1070 871 1157 914 vere·

198 938 305 997 cundia
319 937 479 995 maiestatis
492 934 623 994 Postumi
637 934 701 994 laxe
713 937 849 996 vinciret:
866 938 964 1015 „quin
984 946 1016 996 tu
1025 937 1044 971 “
1058 938 1159 1015 inquit

169 1026 217 1090 8„
225 1019 346 1079 adducis
362 1016 474 1086 lorum,
488 1025 521 1077 ut
533 1019 609 1078 iusta
623 1017 673 1077 fiat
687 1017 814 1078 deditio?
841 1027 903 1078 tum
920 1019 972 1079 ubi
990 1022 1022 1079 in
1037 1027 1156 1080 coetum

199 1104 375 1162 Samnitium
393 1101 473 1160 etad
489 1100 618 1161 tribunal
631 1108 749 1170 ventum
763 1101 860 1162 Pontii
874 1111 931 1172 est,
950 1103 984 1164 Α.
1000 1103 1156 1164 Cornelius

169 1185 304 1246 erimina
319 1183 426 1245 fetialis
441 1186 482 1243 ita
492 1184 580 1244 verba
591 1184 674 1244 lecit:
699 1185 901 1264 „quandoque
920 1185 1002 1245 hisce
1018 1186 1157 1246 homines

197 1269 309 1328 iniussu
325 1266 427 1347 populi
437 1268 561 1328 Romani
573 1267 728 1338 Quiritium
749 1268 852 1328 loerlus
865 1271 957 1328 ictum
973 1271 1012 1328 iri
1026 1288 1157 1348 spopon-

197 1351 305 1414 derunt
319 1362 405 1430 atque
419 1351 456 1410 ob
472 1370 535 1411 eam
550 1370 614 1411 rem
631 1369 737 1411 noxam
751 1360 929 1422 nocuerunt,
945 1352 983 1412 oh
999 1371 1063 1413 eam
1079 1371 1155 1422 rem,

198 1454 256 1514 quo
268 1436 550 1514 populusRcmanus
562 1434 673 1494 scelere
685 1435 764 1512 inpio
776 1436 813 1494 sit
824 1435 944 1505 solutus,
957 1437 1046 1495 hosce
1058 1436 1155 1496 honri-

155 1523 188 1576 10
198 1536 251 1578 nes
265 1518 348 1579 vobis
359 1519 467 1578 dedo.“
492 1519 565 1576 haec
576 1518 685 1578 dicenti
696 1517 960 1580 letialiPostumius
971 1536 1048 1596 genu
1058 1519 1156 1578 lemur

197 1608 305 1677 quanta
317 1603 442 1662 maxime
449 1601 603 1679 poteratvi
616 1599 750 1678 perculit,
767 1607 796 1659 et
808 1599 886 1660 clara
901 1620 972 1661 voce
980 1603 1020 1660 ait
1031 1619 1062 1661 se
1070 1602 1155 1662 Sam·

197 1684 289 1744 nitem
297 1685 389 1743 clvem
397 1701 469 1752 csse,
478 1681 560 1742 illum
569 1682 696 1760 legatum
710 1681 861 1743 fetialema
873 1703 904 1744 se
915 1694 1017 1744 contra
1029 1687 1074 1744 ius
1082 1703 1155 1762 gen·

171 1764 848 1843 1tiumviolatum:eoiustiusbcllnmgesturos.
870 1767 919 1828 Xl.
935 1767 1155 1830 TumPontius:
1253 1799 1254 1852 q

207 1866 279 1916 ,nec
295 1867 353 1926 ego,
363 1850 448 1908 istam
467 1848 645 1908 deditionem
661 1851 802 1927 accipiam
812 1858 830 1882 “
842 1850 950 1929 inquit,
971 1869 1053 1921 „nec
1070 1852 1154 1912 Sam·
1253 1859 1254 1884 ¹

168 1937 185 1986 a
198 1932 273 1991 nites
289 1940 383 1992 ratam
395 1930 554 1992 habebunt.
576 1934 647 2011 quin
661 1940 700 2003 tu,
714 1933 801 2011 Spuri
815 1932 954 2004 Postumi,
967 1936 992 1994 si
1003 1933 1077 1995 deos
1089 1952 1155 1996 esse

196 2032 307 2084 censes,
325 2023 374 2075 aut
389 2017 484 2075 omnia
502 2017 589 2076 inrita
605 2016 676 2075 lacis
692 2025 741 2076 aut
755 2024 841 2094 pacto
856 2018 933 2077 stasl
960 2018 1085 2077 Samniti
1099 2036 1153 2096 po·

195 2096 265 2174 pulo
276 2116 387 2168 omnes,
400 2099 509 2176 quosin
522 2107 664 2178 potestate
672 2097 780 2169 hahuit,
793 2107 842 2158 aut
847 2119 901 2178 pro
908 2101 944 2160 iis
954 2100 1161 2178 paxdebetnr,

167 2179 387 2258 asedquidego
398 2181 559 2259 teappeiio,
575 2184 625 2261 qui
640 2189 793 2261 tecaptum
807 2185 910 2243 victori
922 2201 989 2243 cum
1002 2201 1057 2262 qua
1068 2191 1154 2263 potes

195 2261 251 2322 fide
266 2265 414 2324 restituis?
428 2265 567 2343 populum
586 2265 750 2327 Romanum
770 2265 900 2344 appello,
918 2285 1005 2346 quem
1021 2267 1047 2326 si
1062 2285 1152 2344 spon·

195 2347 286 2406 sionis
302 2347 339 2407 ad
365 2347 493 2409 furculas
510 2350 654 2410 Caudinas
673 2350 766 2408 laetae
790 2351 932 2426 paenitet,
960 2351 1095 2409 restituat
1109 2349 1152 2410 le·

165 2430 297 2506 lgiones
311 2431 388 2490 intra
401 2429 515 2502 saltum,
531 2452 589 2512 quo
599 2441 716 2510 saeptae
728 2433 856 2492 luerunt.
881 2451 1153 2512 nemoquemquam

194 2511 358 2591 deceperit,
371 2515 468 2574 omnia
477 2534 532 2592 pro
543 2516 652 2575 inlecto
664 2517 737 2586 sint,
749 2517 894 2593 recipiant
908 2534 998 2586 arma,
1011 2534 1086 2595 quae
1098 2534 1152 2594 per

193 2597 360 2672 pactionem
381 2596 580 2669 tradiderunt,
607 2599 729 2658 redeant
749 2601 780 2658 in
808 2609 903 2660 castra
919 2618 986 2670 sna,
1009 2599 1151 2678 quidquid

193 2677 289 2754 pridie
306 2678 487 2749 habuerunt,
502 2701 589 2760 quam
601 2682 632 2742 in
648 2681 835 2761 conloquium
851 2690 895 2742 est
909 2691 1043 2753 ventum,
1060 2683 1150 2744 habe·

194 2766 258 2818 ant:
279 2768 342 2820 tum
363 2761 473 2823 bellum
491 2773 521 2825 et
542 2766 628 2825 tortia
645 2765 765 2824 consilia
782 2766 933 2843 placeant,
954 2775 1017 2827 tum
1031 2768 1150 2844 sponsio

164 2845 225 2899 oet
237 2859 295 2918 pax
309 2845 489 2921 repudietur.
525 2865 558 2906 ea
577 2848 708 2918 tortura,
732 2851 767 2907 iis
784 2848 870 2917 loeis,
893 2867 967 2928 quae
986 2858 1053 2910 ante
1070 2851 1149 2928 pacis

193 2924 375 2984 mentionem
393 2924 563 2997 habuimus,
587 2945 724 3006 geramus
737 2929 862 3000 bellum,
878 2951 934 2992 nec
951 2932 1076 3012 populus
1091 2932 1148 2994 no-

193 3023 298 3068 manus
323 3008 475 3069 consulum
502 3014 689 3090 sponsionem
710 3031 766 3073 nec
787 3032 840 3074 nos
861 3015 949 3074 iidem
970 3015 1072 3094 populi
1091 3015 1149 3076 llo·
1253 3033 1254 3042 ³

162 3092 271 3150 omani
284 3109 464 3154 accusemus.
490 3110 688 3174 numquamne
702 3115 788 3158 causa
804 3099 905 3168 defiet,
922 3117 975 3160 cur
987 3101 1053 3158 victi
1063 3106 1147 3177 pacto
1253 3091 1254 3132 ¹

193 3190 254 3235 non
271 3176 373 3236 stetis?
387 3175 504 3238 obsides
517 3179 678 3240 Porsinnae
694 3180 829 3242 dedistis:
846 3182 925 3242 lurto
944 3201 995 3242 eos
1005 3182 1147 3243 subduxi·
1253 3181 1254 3242 3

162 3261 179 3313 7
191 3258 259 3327 stis:
284 3276 356 3319 auro
369 3261 515 3323 civitatem
530 3281 545 3322 a
558 3261 648 3324 Gallis
660 3264 839 3324 redemistis:
855 3265 933 3326 inter
946 3264 1147 3343 accipiendum

194 3357 298 3401 aurum
314 3344 489 3415 camisum:
505 3364 608 3426 pacem
621 3346 774 3410 nobiscum
788 3349 957 3428 pepigistis,
974 3356 1005 3408 ut
1016 3347 1146 3425 legiones
1253 3407 1254 3418 ,

192 3421 276 3484 vobis
299 3434 397 3504 captas
418 3430 655 3491 restitueremus:
683 3448 748 3493 eam
769 3447 874 3511 pacem
902 3433 1020 3493 inritam
1042 3431 1145 3491 tacitis.
1253 3465 1254 3490 r
