2538 3946
221 235 283 297 230
386 249 479 290 ursan
499 247 563 290 xxr.
579 245 647 289 oar.
664 233 708 288 31.
725 234 768 288 32.
784 224 872 308 [mu.
886 247 913 290 e.
931 223 993 308 536]

195 395 338 458 elusulae
352 411 461 456 nomen
474 393 608 454 inditum.
642 393 775 454 incolunt
793 411 887 473 prope
900 391 1087 473 Allobroges,
1105 411 1181 473 gens

222 481 280 540 lam
304 477 374 539 inde
396 476 475 538 nulla
496 477 604 538 Gallica
625 485 712 555 gente
734 477 838 556 opibus
865 484 915 537 aut
942 476 1019 537 lama
1043 477 1180 540 lnlerior.

194 569 284 622 etum
306 561 419 624 discors
445 568 517 621 erat.
558 563 643 636 regui
662 563 823 621 certamine
839 559 1029 638 ambigebant
1053 560 1179 632 iratres:

223 647 318 706 maior
329 661 358 706 et
373 647 424 726 qui
443 646 525 723 prius
547 645 743 723 imperitaret,
764 644 896 705 Braneus
911 645 1045 714 nomine,
1062 645 1181 706 minore

224 728 260 791 ab
276 727 367 790 tratre
383 737 413 790 et
426 736 512 789 coetu
523 728 689 796 iuniorum,
706 729 756 805 qui
770 729 835 788 iure
845 727 958 797 minus,
970 727 998 787 ri
1011 727 1079 806 plus
1095 737 1180 806 pote-

196 821 211 869 't
223 820 284 882 rat,
301 811 474 892 pellebatur.
503 811 590 872 buius
604 810 756 871 seditionis
770 817 991 890 peropportuna
1006 810 1180 890 disceptatio

224 907 291 956 oum
309 895 345 956 ad
366 893 558 960 Hannibalern
580 896 689 954 reiecta
715 901 806 964 esset,
834 893 945 954 arbiter
965 895 1050 971 regni
1075 894 1179 964 laetus,

224 979 303 1059 quod
318 995 352 1040 ea
366 986 484 1038 senatus
499 978 723 1058 principumque
737 977 881 1038 sententia
896 977 1005 1046 iuerat,
1021 978 1180 1057 imperium

196 1063 328 1122 smaiori
343 1061 479 1122 restituit.
506 1059 543 1120 ob
557 1059 587 1119 id
599 1062 737 1121 meritum
750 1068 913 1120 commeatu
925 1062 1067 1140 copiaque
1078 1079 1180 1122 rerum

225 1146 368 1215 omnium,
390 1144 515 1204 maxime
532 1145 636 1216 sestis,
656 1151 702 1204 est
716 1144 845 1238 adiutus)
869 1161 956 1221 quam
978 1144 1105 1205 infames
1126 1145 1180 1205 iri·

198 1227 346 1305 egenibus
358 1226 445 1306 Alpes
460 1228 631 1306 praeparari
647 1226 800 1305 cogebant.
813 1255 819 1264 e
831 1227 938 1287 sedatis
953 1227 1100 1288 llannibal
1116 1247 1180 1288 eer-

226 1310 386 1372 tamlnibus
401 1309 592 1388 Allobrogum
610 1329 676 1372 eum
697 1312 755 1371 iam
770 1310 857 1390 Alpes
872 1318 1001 1389 peteret,
1023 1329 1084 1398 nep
1099 1319 1181 1372 reeta

224 1396 345 1472 regione
360 1397 418 1455 iter
431 1396 570 1464 instituit,
594 1394 645 1454 sed
663 1394 699 1454 ad
715 1392 826 1454 laevam
840 1395 871 1453 in
885 1394 1067 1454 Tricastinos
1082 1395 1179 1466 llerit;

224 1479 293 1539 inde
307 1497 362 1557 per
377 1486 538 1538 extremam
555 1475 637 1537 oram
651 1479 861 1538 Vocontiorum
882 1479 946 1554 agri
961 1477 1054 1538 tendit
1068 1480 1100 1538 in
1114 1479 1180 1539 'l'ri-

225 1563 321 1622 eorios
335 1561 412 1622 haud
424 1579 545 1640 usquarn
560 1559 690 1638 inpedita
702 1562 760 1630 via,
776 1562 945 1640 priusquam
961 1561 997 1621 ad
1009 1561 1181 1622 Druentiam

185 1651 216 1702 10
226 1646 336 1704 llumen
351 1645 492 1722 pervenit.
526 1646 551 1702 is
575 1645 681 1720 etipse
697 1641 818 1721 Alpinus
838 1646 931 1705 amnis
946 1643 1033 1723 longe
1048 1648 1181 1706 omnium

226 1727 336 1786 Galliae
347 1727 500 1787 fluminum
517 1724 704 1786 difficillimus
716 1729 839 1787 transitu
850 1733 903 1788 est.
927 1745 994 1787 nam
1005 1744 1073 1788 eum
1088 1747 1181 1808 aquae

187 1817 214 1868 tt
228 1810 286 1869 virn
300 1810 386 1870 vehat
399 1811 558 1886 ingentem,
575 1827 633 1868 non
650 1814 748 1869 tamen
764 1811 878 1870 navium
894 1813 1009 1890 patiens
1030 1819 1088 1882 est,
1114 1813 1182 1892 quia

226 1892 314 1953 nullis
329 1893 475 1953 coercitus
494 1893 580 1972 ripis,
603 1891 736 1970 pluribus
756 1893 843 1954 simul
863 1911 959 1974 neque
982 1894 1076 1955 isdem
1092 1895 1183 1956 alveis
1259 1886 1260 1948 l

224 1975 327 2047 lluens,
343 1995 416 2037 nova
429 1994 547 2055 senrper
559 1977 629 2036 vada
637 1995 784 2056 novosque
792 1979 921 2056 gurgites
933 2012 972 2024 -
985 1986 1015 2038 et
1026 1978 1063 2038 ob
1077 1977 1182 2039 eadem

223 2060 315 2140 pediti
330 2073 445 2140 quoque
459 2062 570 2121 ineerta
586 2061 684 2121 estuia
696 2099 746 2131 -,
763 2060 798 2121 ad
814 2062 871 2122 boe
885 2079 954 2122 saxa
972 2061 1104 2139 glareosa
1120 2061 1183 2122 vol·
1258 2097 1259 2100 =

185 2151 215 2202 ‚2
227 2161 312 2214 vens,
327 2143 399 2204 nibil
414 2143 516 2204 stabile
532 2162 587 2204 nec
609 2151 703 2205 tutum
723 2145 900 2222 ingredienti
913 2145 1047 2224 praebet;
1073 2153 1104 2206 et
1119 2153 1183 2207 tum

224 2227 301 2287 torte
315 2226 459 2288 imbribus
477 2235 578 2288 anetus
598 2229 748 2304 ingentem
771 2227 1053 2306 transgredientibus
1073 2229 1183 2290 tumul·

225 2317 286 2370 turn
307 2310 377 2370 lecit
411 2328 479 2370 cunr
494 2327 583 2389 super
605 2318 702 2370 cetera
723 2311 917 2390 trepidatione
938 2313 995 2391 ipsi
1017 2331 1069 2374 sna
1093 2321 1183 2392 atque
1257 2365 1258 2368 ,

223 2395 344 2454 incertis
360 2359 537 2454 elamoribus
552 2393 752 2455 turbarentur.
1257 2385 1258 2396 ¹

197 2483 210 2533 1
283 2476 398 2537 XXXll.
435 2477 467 2537 P.
485 2477 638 2537 Cornelius
663 2477 764 2538 eensul
783 2477 880 2540 triduo
901 2479 965 2540 lere
985 2485 1064 2558 post,
1092 2497 1183 2558 quam

224 2559 369 2621 Hannibal
397 2579 412 2620 a
442 2561 505 2639 ripa
530 2559 665 2620 Rhodani
697 2564 800 2633 movit,
827 2561 968 2640 quadrato
1000 2563 1119 2640 agmine
1146 2564 1183 2624 ad

224 2651 319 2704 eastra
330 2643 460 2704 bostium
473 2650 606 2712 venerat,
624 2643 733 2707 nullam
746 2644 903 2705 dimicandi
914 2664 1027 2707 moram
1041 2646 1183 2708 lecturus.
1256 2659 1257 2662 ’

195 2733 353 2786 eceteram
370 2727 420 2787 ubi
436 2727 552 2788 deserta
566 2730 748 2789 munimenta
764 2747 818 2788 nee
839 2728 923 2789 laeile
937 2747 968 2789 se
983 2735 1096 2790 tantum
1112 2748 1183 2809 pro-

225 2827 341 2885 gressos
352 2810 559 2870 adsecuturum
571 2809 660 2879 videt,
677 2811 713 2871 ad
728 2831 809 2873 mare
821 2830 854 2873 ae
871 2831 958 2873 naves
970 2811 1071 2883 rediit,
1090 2816 1184 2874 tutius

224 2890 395 2969 faciliusque
415 2892 455 2950 ita
470 2893 661 2952 descendenti
676 2893 711 2952 ab
726 2896 847 2973 Alpibus
862 2895 1018 2958 Hannibali
1040 2914 1182 2959 occlusu-

196 2982 281 3034 3rus.
328 2992 365 3034 oe
391 2982 488 3035 lamen
516 2975 595 3035 nuda
626 2977 739 3038 auxiliis
765 2979 904 3040 Romanis
929 2978 1068 3060 Hispania
1095 2989 1182 3051 esset,
1251 2983 1256 3110 q

223 3075 310 3137 quarn
338 3059 517 3136 provinciam
543 3061 662 3120 sortitus
683 3069 759 3131 erat,
788 3063 839 3123 Cn.
863 3065 1029 3142 Scipionem
1056 3064 1182 3126 tratrem

224 3159 289 3202 eum
305 3144 430 3203 maxima
446 3150 529 3223 parte
544 3145 694 3222 copiarum
711 3145 848 3208 adversus
863 3146 1076 3209 Hasdrubalem
1092 3150 1185 3214 misit,

195 3234 210 3281 t
224 3243 282 3285 non
293 3225 328 3283 ad
342 3227 464 3287 tuendos
478 3229 678 3288 tantummodo
689 3237 803 3292 veteres
815 3233 910 3292 socios
922 3231 1184 3312 conciliandosque

223 3325 327 3376 novos,
348 3308 399 3368 sed
425 3313 512 3368 etiam
539 3311 576 3369 ad
602 3311 771 3388 pellendum
792 3315 930 3392 llispania
955 3314 1181 3377 Hasdrubalem.

193 3391 284 3464 tipse
304 3407 370 3447 eurn
398 3391 556 3452 admodum
580 3395 692 3470 exiguis
713 3397 805 3474 copiis
828 3397 960 3457 Genuam
994 3401 1104 3476 repetit
1133 3419 1177 3468 eu

223 3471 273 3546 qui
288 3471 366 3529 eirea
381 3473 491 3533 Padum
508 3481 571 3532 erat
586 3479 742 3546 exercitus,
762 3478 874 3539 ltaliam
889 3481 1071 3542 defensurus
