2546 3936
194 189 259 254 136
417 201 512 247 4114414
521 205 564 246 rx.
579 203 649 248 441.
663 169 706 243 31.
726 181 765 264 [o.
780 207 812 244 u.
828 205 855 244 c.
870 181 933 263 444]

198 353 277 422 deri,
293 348 442 431 cladisque
456 353 615 430 imaginem
632 349 761 412 furculas
776 350 922 412 Caudinas
936 349 1160 414 memorabant:

167 437 304 496 beadem
324 440 489 496 temeritate
510 437 623 496 avidam
642 436 816 496 ulteriorum
838 452 956 513 semper
985 445 1105 512 gentem
1127 438 1162 495 in

198 519 290 580 saltus
305 522 399 578 invios
413 521 585 590 deductam,
598 528 730 598 saeptam
745 538 804 578 non
819 519 947 578 bostium
960 521 1053 595 magis
1070 521 1162 578 armis

168 623 284 683 oquam
305 604 439 663 locorum
460 603 664 682 iniquitatibus
685 621 759 662 esse.
798 604 857 662 iarn
884 603 1022 678 gaudium
1051 602 1162 662 invidia

197 688 322 767 quadam
340 688 530 757 miscebatur,
552 687 631 765 quod
650 687 722 746 belli
739 688 863 746 Romani
881 686 971 746 decus
992 685 1028 744 ab
1044 686 1162 744 Samni·

169 771 276 831 7111444
298 773 415 830 1411444
438 771 474 829 411
492 772 632 831 Etruscos
650 773 813 831 avertisset.
843 772 948 848 ¹itaque
968 771 1059 828 armis
1075 770 1162 828 riris·

198 873 256 934 que
279 855 314 914 ad
335 855 562 932 opprimendum
579 854 611 915 C.
633 854 775 914 Marcium
797 853 948 913 consulem
968 861 1161 922 concurrunt,

197 940 334 1017 protinus
350 939 419 995 iude
437 938 584 996 Etruriam
599 954 654 1015 per
665 938 779 998 blarsos
794 956 829 997 ac
844 937 969 997 Sabinos
983 938 1120 1015 petituri,
1135 937 1163 995 si

169 1022 324 1082 8111411144
342 1020 500 1078 dimicandi
517 1028 691 1097 potestatem
707 1040 767 1081 non
782 1020 878 1080 iaciat.
909 1020 1012 1079 obvius
1027 1021 1073 1079 bis
1089 1035 1163 1078 con·

197 1103 243 1163 sul
263 1105 326 1162 1411.
360 1104 528 1162 dimicatum
545 1104 659 1182 proelio
673 1106 822 1183 utrimque
838 1105 930 1164 atroci
943 1114 1029 1182 atque
1045 1105 1164 1162 incerto

199 1197 306 1247 eventu
321 1195 380 1254 est,
398 1197 427 1245 et
441 1205 508 1246 cum
522 1205 632 1266 anceps
647 1187 753 1247 caedes
770 1189 887 1254 luisset,
903 1187 1043 1247 adversae
1060 1197 1164 1246 tamen

198 1273 243 1331 rei
259 1272 333 1329 fama
350 1273 380 1328 in
397 1271 544 1331 Romanos
559 1274 647 1332 141111
660 1271 698 1331 414
719 1273 841 1331 41414444
857 1272 999 1349 quosdam
1016 1271 1165 1348 equestris

199 1355 311 1416 ordinis
327 1355 519 1433 tribunosque
529 1355 656 1416 militum
668 1364 755 1434 atque
767 1373 858 1414 unum
873 1354 1000 1432 legatum
1017 1362 1062 1422 et,
1081 1353 1164 1431 quod

169 1444 186 1496 1
199 1441 316 1516 insigne
327 1442 454 1498 maxime
467 1440 535 1508 tuit,
548 1439 677 1500 consulis
687 1441 779 1516 ipsius
789 1437 904 1498 vulnus.
937 1438 975 1497 ob
987 1437 1060 1498 baec
1072 1439 1162 1496 etiam

198 1533 282 1583 aucta
299 1524 392 1588 sama,
409 1531 442 1580 ut
458 1522 546 1591 solet,
562 1524 667 1600 ingens
683 1531 779 1581 terror
790 1531 890 1599 patres
901 1523 1021 1588 invasit,
1038 1521 1164 1579 dictato·

198 1624 323 1682 remque
337 1606 395 1663 dici
413 1605 565 1681 placebat:
582 1623 637 1666 nec
645 1607 716 1683 quin
728 1607 838 1666 Cursor
850 1606 985 1682 Papirius
1000 1605 1162 1674 diceretur,

198 1690 304 1764 inquo
328 1695 388 1746 tum
400 1699 516 1747 summa
540 1691 585 1748 rei
604 1688 728 1748 bellicae
748 1688 928 1766 ponebatur,
955 1687 1077 1747 dubium
1100 1688 1164 1747 cui·

159 1778 191 1830 10
202 1788 288 1849 quam
307 1781 379 1828 erat.
411 1771 462 1828 sed
479 1773 579 1831 necin
597 1773 747 1832 Samnium
764 1774 899 1831 nuntium
924 1773 1051 1849 perferri
1066 1771 1164 1830 omni·

199 1854 255 1913 bus
271 1855 384 1913 infestis
401 1863 462 1913 tuto
478 1873 565 1932 posse
580 1873 636 1915 nec
651 1856 904 1915 111414Μ414114114
922 1855 1072 1914 consulem
1091 1855 1166 1914 satis

159 1945 188 1996 lt
201 1937 345 2004 lidebant:
361 1937 434 1997 alter
444 1938 547 1998 consul
559 1938 666 1999 Fabius
677 1939 801 1999 infestus
812 1941 947 2017 privatim
959 1939 1077 2016 Papirio
1089 1944 1165 2001 4141.

200 2039 275 2100 quae
292 2039 330 2080 ne
347 2023 390 2080 ira
403 2020 534 2082 obstaret
547 2020 627 2083 bono
641 2021 775 2102 publico,
789 2021 902 2100 legatos
915 2041 949 2081 41
963 2020 1166 2082 consularium

160 2112 327 2163 1414444414
340 2105 499 2166 mittendos
511 2106 548 2166 ad
560 2124 627 2167 eum
642 2114 760 2166 senatus
772 2108 899 2174 censuit,
916 2107 967 2184 qui
983 2125 1034 2166 sua
1046 2122 1165 2184 quoque

202 2207 283 2256 eum,
304 2205 362 2246 non
379 2188 496 2265 publica
511 2189 606 2250 solum
623 2192 796 2250 anctoritate
812 2198 980 2260 moverent,
1001 2198 1034 2249 ut
1051 2205 1165 2248 memo·

159 2273 276 2329 1311414
300 2272 489 2331 simultatium
514 2276 626 2351 patriae
649 2275 821 2334 remitteret.
862 2273 989 2352 proiecti
1015 2273 1104 2349 legati
1127 2271 1167 2332 ad

201 2355 323 2414 Fabium
348 2375 414 2414 cum
437 2365 556 2417 senatus
578 2357 743 2417 consultum
765 2357 954 2417 tradidissent
974 2357 1165 2416 adiecissent·

203 2454 260 2514 que
275 2441 439 2498 orationem
454 2442 676 2502 convenientem
688 2440 848 2510 mandatis,
865 2438 969 2500 consul
984 2440 1119 2500 demissis
1132 2440 1166 2498 in

202 2527 313 2580 terram
333 2522 426 2581 oculis
443 2524 549 2582 tacitus
569 2523 606 2582 ab
626 2525 761 2592 incertis,
787 2523 926 2602 quidnam
942 2532 1062 2584 acturus
1077 2530 1163 2594 44441,

160 2612 194 2662 14
205 2603 308 2680 legatis
326 2607 462 2674 recessio
480 2615 567 2666 nocte
586 2604 692 2667 deinde
704 2605 835 2678 silentio,
858 2615 890 2667 ut
905 2625 969 2667 mos
986 2615 1044 2676 est,
1059 2606 1093 2667 L.
1109 2605 1166 2666 Pa·

201 2689 310 2767 pirium
328 2689 500 2748 dictatorem
517 2689 598 2750 dixit.
629 2691 677 2750 cui
692 2709 758 2750 cum
776 2691 813 2750 ob
826 2693 955 2751 animum
972 2692 1091 2768 egregie
1103 2692 1163 2748 vic-

202 2777 264 2830 tum
282 2771 369 2848 legati
391 2775 499 2848 gratias
514 2781 649 2850 agerent,
665 2773 850 2834 'obstinatum
872 2773 1019 2836 silentium
1038 2772 1166 2833 obtinuit

203 2871 238 2914 44
258 2854 320 2914 sine
341 2873 484 2930 responso
504 2873 538 2915 ac
553 2858 703 2917 mentione
718 2859 787 2916 14411
803 2859 848 2917 441
863 2857 975 2936 legatos
986 2858 1111 2926 dimisit,
1132 2863 1166 2916 ut

160 2942 195 2994 15
205 2945 362 3014 appareret
376 2939 522 3014 insignem
538 2937 669 3000 dolorem
684 2941 797 3017 ingenti
811 2942 957 3019 conprimi
971 2943 1078 3000 animo.
1109 2940 1165 3000 Pa·

203 3023 296 3100 pirius
311 3021 342 3081 C.
359 3021 474 3080 lunium
492 3018 656 3083 bubulcum
677 3026 850 3101 magistrum
866 3027 997 3102 equitum
1014 3025 1101 3092 dirit;
1122 3029 1166 3084 at·

203 3122 261 3183 que
276 3107 301 3164 ei
317 3104 411 3182 legem
426 3107 567 3166 curiatam
578 3104 615 3166 de
629 3108 753 3185 imperio
766 3108 872 3167 1414411
888 3111 972 3167 111414
987 3126 1075 3168 omen
1087 3107 1166 3166 diem

204 3187 324 3256 diffidit,
340 3188 418 3267 quod
431 3189 536 3250 Faucia
549 3191 630 3252 curia
643 3190 697 3252 1411
707 3192 899 3270 principium,
918 3191 1031 3252 duabus
1042 3191 1167 3269 insignis

204 3270 349 3342 cladibus,
375 3282 476 3350 captae
497 3273 581 3334 urbis
605 3281 635 3334 et
650 3274 797 3336 Caudinae
821 3277 918 3354 pacis,
944 3275 1022 3352 quod
1040 3285 1166 3354 utroque

161 3358 195 3411 14
206 3371 284 3413 anno
304 3355 435 3414 eiusdem
456 3359 555 3418 curiae
579 3357 675 3418 iuerat
698 3360 891 3438 principium
917 3359 1015 3418 blacer
1036 3359 1167 3420 Licinius

205 3437 289 3496 tertia
305 3440 391 3498 etiam
407 3437 506 3509 clade,
522 3457 598 3518 quae
613 3440 650 3501 ad
661 3442 830 3503 Cremeram
845 3450 965 3520 accepta
977 3449 1037 3510 cst,
1054 3441 1166 3502 4144411·
