2546 3936
182 191 243 254 126
369 209 464 249 mun
477 209 520 249 11.
537 207 606 250 oar.
620 195 665 249 30.
680 194 724 248 31.
740 184 868 268 [auc.
885 183 948 266 tta]
1043 248 1045 256 Ι

181 356 265 416 initio
290 355 360 415 anni
385 357 480 434 questi
508 355 585 434 apud
608 354 750 434 populum
779 352 974 414 deformatum
1001 351 1139 414 ordinem

182 457 270 518 prava
284 436 411 499 lectione
423 447 555 509 senatus,
571 457 628 517 qua
642 441 772 517 potiores
782 437 892 516 aliquot
905 435 989 497 lectis
1004 446 1139 514 praeter-

155 523 215 582 eici
229 529 342 591 essent,
363 531 544 601 negaverunt
559 540 624 582 eam
638 521 794 582 lectionem
815 539 867 590 sc,
889 538 963 600 quae
985 523 1048 580 sine
1062 521 1141 580 recti

180 608 322 686 pravique
344 606 512 666 discrimine
537 605 574 664 ad
592 606 716 683 gratiam
737 623 771 666 ac
786 603 938 664 libidinem
957 603 1032 665 iacta
1049 611 1138 674 esset,

182 688 401 758 observaturos,
424 697 454 750 et
473 696 605 749 senatum
626 687 772 768 extemplo
787 690 950 749 citaverunt
973 707 1009 749 eo
1022 687 1139 758 ordine,

182 773 231 853 qui
253 782 321 834 ante
340 790 481 833 censores
500 773 574 850 App.
593 770 744 832 Claudium
763 781 793 832 et
813 770 844 832 C.
865 771 1012 832 Plautium
1031 772 1139 832 iuerat.

153 863 212 918 aet
224 855 282 916 duo
297 856 422 934 imperia
437 873 473 914 eo
484 872 561 914 anno
577 853 641 914 dari
655 865 758 932 coepta
773 872 828 933 per
841 853 997 935 populum,
1012 863 1139 934 utraque

181 941 359 1020 pertinentia
372 937 410 996 ad
431 954 495 996 rem
511 935 683 998 militarem:
705 955 810 1008 unum,
831 946 864 999 ut
884 938 994 999 tribuni
1013 937 1141 998 militum

181 1025 246 1084 seni
258 1022 326 1082 deni
340 1022 372 1079 iu
393 1027 530 1098 quattuor
545 1018 708 1098 legionesa
727 1021 836 1102 populo
852 1030 1039 1091 crearentur,
1062 1039 1140 1099 quae

158 1141 161 1146 s
182 1113 285 1172 antea,
302 1121 444 1182 perquam
463 1103 564 1180 paucis
580 1104 717 1181 suffragio
727 1104 829 1184 populi
852 1105 962 1166 relictis
977 1104 1059 1175 locis,
1078 1105 1141 1165 dic·

181 1197 310 1249 tatorum
326 1194 355 1246 et
368 1185 522 1246 consulum
538 1186 631 1246 ierme
645 1187 763 1248 fuerant
776 1188 934 1256 beneficia:
960 1187 1056 1248 tulere
1073 1206 1140 1248 eam

153 1273 364 1350 erogationem
379 1269 490 1331 tribuni
512 1269 610 1349 plebei
622 1270 655 1332 L.
673 1269 777 1332 titilius
790 1271 822 1332 G.
837 1271 979 1340 llarcius;
1003 1271 1139 1341 alterum,

181 1364 214 1417 ut
225 1355 394 1415 duumviros
405 1353 521 1415 navales
531 1352 632 1414 classis
643 1354 793 1415 ornandae
804 1354 1040 1433 reficiendaeque
1051 1371 1141 1414 causa

180 1439 259 1499 idem
276 1437 402 1517 populus
416 1437 545 1507 iuberet;
577 1437 659 1498 lator·
671 1437 759 1498 huius
772 1436 868 1516 plebis
884 1439 951 1498 sciti
964 1437 1067 1498 iuitll.
1082 1437 1139 1498 De·

182 1524 245 1583 cius
263 1521 516 1599 tribunusplebis.

154 1613 170 1662 b
244 1604 383 1665 Eiusdem
405 1606 474 1666 amri
488 1622 552 1665 rem
572 1603 651 1664 dictu
675 1622 795 1683 parvam
816 1605 1025 1682 praeterirem,
1047 1603 1078 1662 ni
1103 1603 1141 1662 ad

181 1687 357 1764 religionem
378 1689 439 1746 visa
460 1694 537 1747 esset
558 1689 718 1765 pertinere.
748 1687 898 1759 tibicines,
915 1689 983 1767 quia
998 1685 1141 1766 prohibiti

182 1789 200 1832 a
215 1772 357 1849 proximis
373 1769 545 1830 censoribus
560 1777 645 1830 erant
658 1771 689 1830 in
704 1771 777 1832 aede
790 1771 865 1832 loris
874 1773 969 1842 vesci,
984 1770 1063 1850 quod
1079 1779 1141 1831 tra·

183 1854 276 1914 ditum
289 1855 448 1933 antiquitus
464 1864 541 1922 erat,
564 1871 653 1932 aegre
670 1857 752 1934 passi
765 1854 857 1916 Tibur
872 1873 932 1915 uno
954 1855 1071 1932 agmine
1087 1853 1140 1914 ab·

182 1939 294 2008 ierunt,
313 1938 386 1999 adeo
400 1944 433 1998 ut
447 1955 535 1997 nemo
551 1938 580 1997 iu
598 1937 674 1999 urbe
688 1946 779 2010 esset,
795 1940 845 2018 qui
860 1939 1010 2000 sacrificiis
1025 1939 1141 2017 praeci·

154 2028 277 2083 oneret.
307 2023 370 2083 eius
389 2023 434 2082 rei
453 2019 558 2099 religio
580 2024 675 2083 tenuit
694 2031 842 2092 senatum,
861 2020 1032 2100 legatosque
1047 2021 1141 2082 Tibur

183 2106 340 2176 miserunt,
358 2113 392 2167 ut
402 2106 508 2165 clarent
524 2123 660 2184 operam,
675 2113 709 2166 ut
718 2108 740 2166 ii
750 2107 886 2167 homines
900 2106 1041 2166 Romanis
1054 2106 1141 2166 resti·

153 2195 344 2250 ttuerentur.
377 2188 525 2250 Tiburtini
541 2188 669 2268 benigne
683 2189 806 2268 polliciti
820 2191 949 2269 primum
962 2190 1072 2250 accitos
1087 2205 1141 2250 eos

182 2274 214 2334 iu
235 2273 346 2333 curiam
365 2274 474 2334 hortati
493 2280 575 2344 sunt,
595 2275 639 2334 uti
659 2281 880 2335 reverterentur
895 2272 1035 2340 Romam:
1059 2280 1141 2351 post·
1261 2313 1262 2344 2

182 2374 270 2438 quam
291 2356 415 2437 perpelli
438 2356 618 2438 nequibant,
644 2357 767 2418 consilio
795 2357 874 2418 haud
900 2356 1081 2418 abhorrente
1104 2355 1143 2418 ab
1261 2385 1262 2400 r

154 2442 309 2519 eingeniis
322 2441 474 2501 hommum
498 2460 549 2502 eos
570 2440 792 2518 adgrediuntur.
828 2441 876 2503 die
901 2440 977 2502 leste
997 2440 1046 2501 alii
1067 2438 1144 2501 alios

181 2541 237 2604 per
252 2526 382 2604 speciem
395 2523 639 2586 celebrandarum
655 2532 744 2585 cantu
760 2523 911 2604 epularum
929 2523 1047 2606 [causa]
1066 2524 1142 2584 inri-

181 2615 246 2670 tant
261 2616 291 2669 et
305 2611 389 2680 vino,
408 2610 491 2668 cuius
507 2608 623 2668 aridum
645 2608 738 2669 ierme
754 2625 847 2687 genus
863 2615 920 2680 est,
941 2615 1078 2668 oneratos
1093 2626 1143 2668 so·
1261 2671 1262 2674 ,

154 2693 283 2771 dpiunt,
309 2700 396 2772 atque
416 2694 457 2753 ita
475 2693 506 2751 in
531 2690 662 2772 plaustra
682 2709 785 2753 somno
806 2693 918 2754 vinctos
937 2694 1087 2752 coniciunt
1107 2709 1143 2752 ac
1261 2707 1262 2772 J

184 2775 308 2835 Romam
324 2775 490 2852 deportant.
519 2793 574 2836 nec
591 2778 673 2856 prius
695 2793 830 2847 sensere,
852 2795 939 2857 quam
956 2775 1143 2856 plaustrisin
1261 2815 1262 2852 q

141 2862 175 2915 10
186 2856 252 2917 loro
265 2857 377 2917 relictis
391 2857 495 2936 plenos
510 2859 647 2938 crapulae
663 2879 714 2921 eos
733 2859 784 2921 lux
797 2861 954 2940 oppressit.
985 2869 1056 2921 tunc
1070 2876 1143 2920 con·
1261 2863 1262 2892 i

184 2958 288 3002 cursus
302 2941 404 3020 populi
418 2941 526 3011 factus,
547 2943 776 3023 impetratoque,
797 2950 831 3004 ut
844 2952 1013 3014 manerent,
1032 2943 1143 3014 datum,
1261 2975 1262 3028 3

183 3031 217 3088 ut
233 3024 364 3086 triduum
380 3027 536 3105 quotannis
557 3029 655 3089 ornati
674 3046 741 3089 cum
761 3037 850 3090 cantu
867 3036 954 3108 atquo
974 3028 1045 3099 hac,
1066 3043 1145 3108 quae

184 3127 264 3171 nunc
279 3108 431 3171 sollemnis
446 3118 504 3180 est,
520 3109 639 3172 licentia
655 3130 710 3192 per
725 3111 831 3173 urbem
850 3121 1038 3190 vagarentur,
1055 3112 1144 3172 resti·
1261 3109 1262 3176 j

182 3201 337 3274 tutumque
348 3195 380 3255 in
395 3194 468 3255 aede
484 3195 620 3256 vescendi
634 3198 680 3258 ius
691 3198 736 3267 iis,
751 3197 803 3277 qui
817 3197 909 3258 sacris
924 3197 1143 3276 praecinerent.

183 3276 259 3339 haec
273 3278 484 3340 interduorum
494 3280 658 3357 ingentium
674 3279 820 3342 bellorum
834 3297 935 3342 curam
951 3278 1142 3360 gerebantur.
1261 3265 1262 3346 Ϊ

158 3365 173 3417 1
249 3361 351 3422 XXXl.
388 3362 529 3423 Consules
554 3366 633 3424 inter
657 3383 689 3425 se
716 3365 881 3444 provincias
905 3364 1020 3444 partiti:
1057 3363 1146 3422 lunio
1261 3385 1262 3420 r

186 3442 348 3514 Samnites,
369 3444 491 3506 Aemilio
512 3464 619 3508 norum
640 3446 751 3509 bellum
771 3447 888 3510 Etruria
914 3457 993 3509 sorte
1014 3445 1145 3506 obvenit.
1261 3459 1262 3520 ξ
