2546 3936
324 215 418 258 nuans
432 213 476 257 rx.
492 213 559 257 car.
575 202 619 256 att.
635 201 678 255 40.
694 191 734 276 [e.
752 195 788 258 O.
805 192 866 276 ³10]
1016 197 1078 260 137

113 366 244 430 nandam
262 385 326 427 eam
342 367 453 426 curiam
469 365 547 426 iacit.
591 361 720 424 xxxix.
750 362 881 423 Dictator
896 371 1015 441 postero
1031 363 1103 423 diet

115 453 254 531 auspiciis
266 452 398 528 repetitis
407 448 527 528 pertulit
538 449 650 526 legem,
667 456 696 509 et
711 448 862 525 proiectus
873 466 939 508 cum
955 449 1078 526 legioni·

114 537 170 598 bus
186 535 221 594 ad
236 545 382 594 terrorem
396 533 521 594 traducti
537 533 636 592 silvam
650 533 804 593 Ciminiam
822 536 968 592 exercitus
985 547 1079 609 nuper

114 621 233 697 scriptis
249 617 285 678 ad
303 618 463 695 Longulam
483 619 633 696 pervenit,
654 619 839 695 acceptisque
854 635 870 676 a
883 616 991 676 biarcio
1007 622 1105 673 con-²

114 703 179 765 sule
195 702 342 762 veteribus
354 700 495 763 militibus
508 703 539 761 in
554 705 647 762 aciem
660 703 759 778 copias
771 701 879 760 eduxit.
910 717 964 758 noc
980 699 1080 758 hostes

115 787 281 848 detractare
294 787 346 845 visi
359 803 497 864 pugnam.
523 785 998 861 instructosdeindearmatosqne,
1012 799 1079 841 cum

115 871 153 932 ab
169 872 282 928 neutris
303 869 448 946 proelium
468 871 628 948 inciperet,
649 887 708 929 nox
725 869 880 946 oppressit.
910 869 1001 946 quieti
1026 865 1110 924 ali-3

115 953 269 1032 quamdiu,
287 971 343 1012 nec
358 955 418 1012 suis
429 953 595 1014 diffidentes
607 952 717 1012 viribus
735 970 789 1012 nec
805 952 920 1011 hostem
937 966 1080 1029 spernen-

118 1045 176 1106 tes,
192 1040 294 1097 stativa
306 1040 336 1095 in
353 1040 519 1116 propinquo
532 1037 672 1097 habuere.
689 1035 742 1072 m
754 1053 820 1096 nam
836 1044 942 1096 etcum
957 1034 1109 1093 Vmbro-t

115 1137 184 1182 rum
197 1123 328 1180 exercitu
340 1123 402 1181 acie
414 1122 614 1199 depugnatum
627 1127 685 1188 est;
702 1120 759 1179 iusi
775 1131 873 1180 tamen
884 1121 978 1196 magis
992 1134 1080 1196 quam

118 1207 195 1266 eaesi
210 1205 325 1272 hostes,
341 1207 407 1282 quia
418 1213 553 1284 coeptam
566 1206 673 1264 acriter
686 1221 745 1263 non
758 1203 921 1263 tolerarunt
934 1220 1060 1281 pugnam
1071 1218 1080 1267 3

116 1296 147 1348 et
157 1288 192 1348 ad
205 1288 374 1348 Vadimonis
386 1287 482 1348 lacum
493 1288 609 1348 Etrusci
620 1287 685 1366 lege
697 1296 810 1348 sacrata
822 1296 923 1345 coacto
936 1287 1076 1352 exercitu,
1090 1291 1106 1340 5

116 1389 185 1432 curn
202 1373 245 1430 vir
256 1373 351 1431 virum
366 1371 502 1449 legisset,
517 1374 634 1450 quantis
649 1389 808 1449 numquam
826 1368 897 1428 alias
909 1381 976 1428 ante
991 1367 1078 1427 simul

117 1456 210 1533 copiis
231 1455 317 1515 simui
340 1457 447 1514 animis
468 1454 655 1516 dimicarunt.
692 1461 833 1532 tantoque
851 1454 963 1512 irarum
986 1455 1108 1510 certa-6

116 1540 199 1599 mine
219 1548 299 1615 gesta
320 1557 369 1599 res
385 1547 443 1611 est,
465 1546 499 1600 ut
518 1539 554 1600 ab
576 1547 680 1599 neutra
701 1545 785 1616 parte
800 1537 906 1596 emissa
928 1538 986 1595 sint
1007 1531 1080 1593 tela:

118 1620 222 1700 gladiis
234 1641 330 1699 pugna
343 1625 455 1702 coepit,
469 1631 498 1683 et
510 1625 654 1684 acerrime
667 1623 822 1682 commissa
831 1622 895 1699 ipso
907 1619 1078 1688 certamine,

118 1704 197 1785 quod
219 1705 396 1786 aliquamdiu
419 1725 528 1786 anceps
553 1708 623 1777 luit,
647 1724 769 1768 accensa
791 1712 851 1774 est,
877 1712 990 1764 utnon
1012 1719 1079 1763 cum

116 1789 249 1850 Etruscis
271 1793 378 1850 totiens
391 1792 490 1860 victis,
512 1791 564 1852 sed
580 1810 646 1851 cum
663 1790 756 1868 aliqua
773 1807 848 1850 nora
863 1796 950 1866 gente
965 1787 1080 1846 videre·

116 1880 167 1932 tur
188 1873 335 1933 dimicatio
355 1893 429 1936 esse.
479 1875 552 1934 nihil
573 1875 609 1934 ab
631 1874 690 1940 ulla
715 1881 798 1952 parte
824 1881 958 1932 moretur
984 1871 1109 1948 fugae?

118 1955 227 2016 cadunt
237 1959 427 2036 antesignani,
446 1964 483 2028 et,
499 1976 538 2018 ne
549 1958 697 2020 nudentur
708 1955 977 2034 propugnatoribus
987 1956 1080 2030 signa,

116 2040 151 2100 fit
172 2058 209 2100 ex
230 2043 358 2101 secunda
382 2042 477 2120 prima
499 2042 586 2101 acies.
626 2040 663 2101 ab
685 2039 795 2099 ultimis
816 2038 923 2097 deinde
943 2037 1110 2096 subsidiisss

118 2125 214 2184 cietur
229 2125 333 2190 miles;
353 2125 485 2202 adeoque
501 2125 536 2184 ad
556 2124 689 2184 ultimum
706 2121 816 2180 laboris
827 2138 861 2180 ac
875 2119 999 2200 periculi
1011 2137 1080 2180 ren·

117 2214 180 2268 tum
197 2216 257 2274 est,
279 2215 311 2265 ut
328 2209 442 2283 equites
456 2207 582 2266 Romani
596 2206 711 2265 omissis
727 2206 809 2282 equis
823 2202 859 2264 ad
875 2202 986 2283 priinos
1001 2203 1080 2262 ordi·

116 2307 171 2351 nes
192 2288 324 2365 peditum
345 2306 399 2365 per
414 2305 509 2358 arma,
534 2306 589 2367 per
610 2305 734 2364 corpora
756 2288 911 2347 eraserint.
949 2304 983 2345 ca
1003 2284 1083 2344 velut
1106 2315 1111 2322 ·

117 2389 192 2434 nora
208 2373 287 2430 inter
302 2371 395 2432 fessos
410 2380 513 2433 exorta
528 2372 606 2432 acies
628 2370 755 2431 turbarit
776 2371 858 2446 signa
872 2369 1080 2436 Etruscorum;

117 2462 218 2518 secuta
241 2453 347 2514 deinde
371 2457 515 2533 impetum
537 2473 655 2525 eorum,
681 2461 842 2531 utcumque
865 2451 980 2512 adiecta
1009 2458 1111 2520 erate

119 2547 219 2608 cetera
235 2538 390 2600 multitudo
406 2540 524 2601 tandem
541 2539 694 2620 perumpit
708 2538 827 2598 ordines
842 2537 980 2596 hostium.
1011 2543 1082 2594 tunc
1091 2543 1125 2593 10

8 2649 9 2652 ¹
117 2624 195 2683 vinci
212 2625 374 2702 pertinacia
389 2633 492 2703 coepta
510 2632 541 2685 et
562 2625 653 2686 averti
672 2621 813 2701 manipuli
828 2620 962 2701 quidam,
985 2626 1027 2688 et,
1049 2626 1083 2679 ut

118 2705 209 2768 semel
222 2708 330 2768 dedere
342 2717 440 2786 terga,
455 2710 542 2768 etiam
554 2710 711 2770 certiorem
725 2723 879 2784 capessere
891 2703 998 2780 lugam.
1031 2701 1080 2762 ille
1091 2710 1123 2763 11

118 2793 247 2870 primum
264 2792 326 2852 dies
342 2792 460 2853 fortuna
477 2801 577 2852 vetere
589 2790 772 2854 abundantes
783 2791 976 2851 Etruscorum
994 2787 1083 2866 lregit

119 2893 200 2953 opes.
234 2895 352 2936 caesum
370 2879 399 2936 in
413 2877 476 2937 acie
487 2876 566 2957 quod
581 2877 698 2937 roboris
714 2876 782 2946 fuit,
800 2883 895 2937 castra
907 2873 1011 2934 eodem
1028 2874 1082 2932 im·

118 2966 188 3036 petu
204 2969 287 3039 capta
304 2961 486 3040 direptaque.

179 3042 239 3104 XL.
285 3045 353 3104 Pari
380 3044 504 3105 subinde
530 3043 662 3123 periculo
690 3043 860 3122 gloriaeque
886 3048 991 3100 eventu
1019 3037 1109 3096 bel-t

119 3123 180 3187 lum
195 3129 226 3187 in
241 3127 421 3188 Samnitibus
437 3135 514 3197 erat,
536 3129 586 3206 qui
601 3134 720 3205 praeter
735 3133 850 3185 ceteros
869 3122 938 3183 belii
958 3137 1081 3199 appara·

118 3216 182 3280 tus,
197 3219 231 3270 ut
248 3214 325 3271 acies
342 3229 393 3271 sua
411 3210 539 3288 fulgeret
556 3212 637 3268 novis
652 3226 803 3268 armorum
825 3204 990 3282 insignibus
1004 3203 1082 3284 iece-

119 3301 199 3354 runt.
239 3295 297 3354 duo
322 3295 468 3355 exercitus
489 3299 587 3363 erant,
609 3299 691 3352 scuta
712 3290 832 3350 alterius
854 3305 940 3356 auro,
963 3285 1110 3346 alteriusr

121 3385 244 3456 argento
268 3379 464 3438 caelaverunt.
497 3377 592 3437 iorma
615 3381 679 3434 erat
699 3376 789 3434 scuti:
816 3388 962 3432 summum
985 3367 1080 3441 latius,

121 3477 178 3540 qua
205 3472 309 3540 pectus
335 3468 422 3540 atque
442 3462 538 3522 umeri
563 3467 718 3540 teguntur,
748 3457 864 3535 fastigio
888 3451 1017 3534 aequali;
1045 3453 1082 3514 ad
