2538 3946
220 189 281 254 l‘ld
443 200 537 244 nmen
550 201 581 241 x.
597 199 665 242 cnr.
680 185 724 240 2c.
741 176 781 260 [e.
796 200 828 240 n.
843 200 869 239 o.
885 173 948 260 459]

189 357 207 410 b
282 349 402 411 Invenio
422 347 500 426 apud
515 344 657 426 quosdam
679 343 827 424 extemplo
849 341 1001 405 consulatu
1017 345 1090 406 inito
1105 361 1178 425 pro-
1265 393 1266 408 2

221 436 314 495 lectos
329 436 358 493 iu
373 433 520 493 Etruriam
538 431 660 492 Fabium
673 429 854 508 Deciumque
875 430 938 487 sine
952 427 1009 489 ulla
1024 431 1177 490 mentione
1265 421 1266 494 ἶ

220 519 308 579 sortis
327 518 544 596 provinciarum
567 515 819 592 certaminumque
836 514 914 572 inter
937 512 1077 589 collegas,
1100 531 1178 591 quae

189 603 350 679 conposui.
378 609 446 660 suut
461 598 615 677 quibusne
630 597 703 656 baec
719 597 837 676 quidem
852 597 1012 656 certamina
1028 612 1178 674 exponere
1265 607 1266 614 ’

219 687 289 746 satis
303 685 400 752 luerit,
417 683 578 744 adiecerint
593 689 622 740 et
634 681 720 758 appu
736 681 955 739 criminationes
968 679 1004 739 de
1019 679 1107 740 Fabio
1123 677 1178 738 ab·

219 777 303 828 sente
327 767 364 827 ed
390 765 531 846 populum
555 772 585 824 et
609 763 801 842 pertinaciam
827 763 965 823 adversus
990 769 1177 840 praesentem

221 849 372 911 consulem
389 851 534 929 praetoris
551 849 828 924 contentionemque
845 846 930 906 aliam
946 848 1023 925 iuter
1039 845 1177 923 collegas,

221 935 361 994 tendente
376 933 480 1002 Decio,
499 940 533 991 ut
547 949 617 992 suae
632 932 755 1009 quisque
769 931 937 1010 provinciae
953 939 1062 989 sortem
1078 938 1178 989 tuere·

192 1025 209 1074 t
222 1026 279 1077 tur.
306 1025 441 1075 constare
452 1033 500 1075 res
514 1016 618 1093 incipit
629 1032 665 1074 ex
677 1031 712 1074 eo
726 1021 870 1093 ternpore,
882 1031 941 1093 quo
952 1012 1077 1090 protecti
1089 1011 1178 1072 ambo

222 1098 358 1159 consules
375 1098 411 1157 ad
426 1097 535 1158 bellum
553 1104 631 1157 sunt.
1065 1137 1068 1141 -

155 1241 157 1246 .
286 1183 423 1244 Ceterum
443 1191 599 1259 antequam
620 1179 756 1240 consules
770 1181 801 1241 in
815 1181 963 1240 Etruriam
978 1179 1178 1258 pervenirent,
1266 1213 1267 1218 κ

221 1266 354 1325 Senones
374 1265 447 1326 Galli
470 1264 657 1325 multitudiue
675 1265 788 1342 ingenti
808 1263 845 1324 ad
873 1263 1002 1325 Clusium
1023 1269 1178 1333 venerunt,

195 1347 369 1428 elegiouem
393 1347 555 1408 llomauam
578 1355 731 1425 castraque
751 1348 974 1426 oppugnaturi„
999 1347 1112 1424 Scipio,
1128 1347 1179 1425 qni

221 1434 325 1493 castris
343 1439 494 1510 praeerat,
509 1430 574 1491 loco
590 1431 782 1492 adiuvandam
798 1433 973 1509 paucitatem
988 1447 1109 1489 suorum
1123 1431 1180 1489 mi·

220 1514 303 1576 litum
325 1525 421 1584 ratus,
443 1516 474 1574 iu
495 1513 615 1583 collem,
640 1515 690 1592 qui
713 1509 791 1574 iuter'
812 1514 918 1574 urbem
939 1521 969 1573 et
988 1522 1083 1576 castra
1105 1520 1177 1584 erat,

172 1629 174 1632 ·
194 1600 315 1658 taciem
334 1600 436 1658 erexit.
469 1597 537 1666 sed,
560 1607 594 1658 ut
612 1598 643 1656 in
656 1615 690 1656 re
708 1597 820 1667 subita,
843 1616 947 1677 parurn
964 1596 1115 1675 explorato
1131 1597 1178 1656 iti-

222 1699 294 1740 nere
310 1679 347 1738 ad
364 1682 465 1758 iugum
481 1682 626 1758 perrexit,
647 1680 727 1759 quod
748 1681 847 1740 hostes
863 1690 1003 1760 ceperant
1024 1688 1107 1758 parte
1123 1678 1178 1740 alia

223 1762 364 1839 adgressi.
399 1765 440 1822 ita
456 1781 541 1822 caesa
562 1762 599 1822 ab
616 1772 699 1840 tergo
714 1762 790 1840 legio
808 1772 894 1844 atque
918 1765 949 1823 in
972 1763 1084 1832 medio,
1111 1781 1178 1822 cum

179 1843 213 1904 lo
223 1847 315 1905 bostis
329 1845 460 1924 undique
474 1853 610 1923 urgeret,
627 1848 833 1908 circumventa.
864 1847 989 1907 deletam
1004 1863 1121 1926 quoque
1137 1845 1178 1905 ibi

224 1929 386 2008 legionem,
404 1931 443 1990 ita
454 1937 488 1990 ut
501 1931 620 1990 nuntius
636 1948 695 1990 nou
710 1939 889 2010 superesset,
909 1925 1026 2009 quidam
1043 1938 1178 1990 auctores

180 2019 209 2071 tt
223 2022 305 2082 suut,
321 2032 377 2074 nec
395 2024 462 2074 ante
479 2013 515 2074 ad
532 2014 681 2089 consules,
697 2015 748 2094 qui
765 2017 821 2075 iam
837 2014 915 2074 baud
931 2012 1065 2092 procula
1081 2013 1176 2074 Clusio

221 2097 358 2165 aberant,
380 2097 488 2158 lamam
506 2099 569 2158 eius
584 2097 674 2158 cladis
691 2097 850 2182 perlatam,
871 2116 958 2177 quam
973 2099 1004 2156 iu
1019 2104 1178 2175 conspectu

221 2180 305 2242 luere
323 2181 472 2241 Gallorum
490 2183 614 2259 equites,
630 2182 799 2260 pectoribus
811 2200 953 2260 equorum
970 2198 1112 2258 suspensa
1128 2197 1177 2256 ge·

221 2272 333 2324 stantes
353 2265 448 2342 capita
470 2273 500 2325 et
513 2264 623 2324 lanceis
639 2267 727 2325 infixa
742 2274 918 2343 orantesque
940 2266 1032 2324 moris
1053 2264 1098 2323 sni
1113 2279 1177 2323 car·

181 2353 212 2403 tr
223 2349 313 2408 mine.
341 2357 410 2408 sunt
425 2349 475 2426 qul
491 2347 618 2409 Umbros
634 2349 738 2418 luisse,
760 2367 820 2408 non
836 2347 947 2416 Gallos,
972 2345 1105 2416 tradant,
1122 2363 1177 2406 nec

222 2438 337 2491 tantum
364 2431 455 2491 cladis
478 2439 646 2508 acceptum,
674 2439 704 2491 et
728 2433 934 2492 circumventis
957 2429 1178 2510 pabulatoribus

220 2533 288 2575 cum
304 2515 336 2575 L.
352 2514 459 2575 llanlio
475 2514 623 2593 Torquato
645 2514 742 2592 legato
763 2517 931 2594 Scipionem
953 2523 1175 2593 propraetorem

221 2597 415 2664 subsidiume
437 2600 541 2659 castris
557 2598 673 2669 tulisse,
696 2599 879 2678 victoresque
900 2597 1027 2658 Umbros
1047 2598 1176 2657 redinte-

221 2691 306 2758 grato
332 2680 445 2760 proelio
471 2683 563 2742 victos
590 2699 669 2750 esse,
700 2685 886 2761 captivosque
911 2683 954 2742 eis
978 2699 1012 2740 ac
1036 2681 1175 2760 praedam

180 2770 212 2822 13
223 2764 398 2842 ademptam.
435 2765 558 2825 similius
580 2784 649 2826 vero
665 2772 709 2826 est
728 2784 745 2825 a
760 2764 842 2826 Gallo
859 2767 943 2826 boste
963 2783 1051 2843 quam
1067 2762 1176 2824 Umbro

222 2863 287 2905 eam
306 2846 418 2906 cladem
434 2857 600 2926 acceptam,
615 2849 772 2927 quodcum
788 2867 875 2926 saepe
889 2849 960 2908 alias
972 2857 1033 2907 tum
1049 2866 1084 2907 eo
1099 2865 1175 2908 anno

181 2935 212 2986 tt
225 2928 328 2987 Gallici
344 2928 483 2989 tumultus
508 2933 684 3009 praecipuus
704 2939 802 2991 terror
818 2933 962 2993 civitatem
988 2933 1091 2990 tenuit.
1122 2932 1176 2991 ita-

213 3029 279 3089 ·que
295 3022 501 3091 praeterquam
517 3013 595 3091 quod
610 3014 697 3074 ambo
718 3014 853 3075 consules
872 3016 996 3094 proiecti
1014 3015 1050 3074 ad
1066 3012 1176 3073 bellum

222 3105 307 3156 erant
318 3115 384 3156 oum
399 3106 536 3174 quattuor
548 3097 714 3176 legionibus
732 3107 761 3159 et
776 3117 882 3176 magno
899 3101 1028 3178 equitatu
1044 3098 1176 3159 Romano

222 3179 436 3259 Campanisque
452 3181 532 3242 mille
547 3182 693 3261 equitibus
716 3181 837 3242 delectis
857 3182 893 3243 ad
910 3183 940 3242 id
957 3181 1066 3242 bellum
1081 3181 1177 3242 missis

222 3271 252 3322 et
266 3266 414 3324 sociorum
428 3267 613 3344 nominisque
629 3267 725 3327 Latini
744 3267 856 3326 maiore
872 3268 1003 3326 exercitu
1019 3283 1106 3343 quam
1119 3265 1177 3324 Ro·

180 3349 212 3404 15
225 3364 326 3416 mano,
342 3347 391 3407 alii
406 3347 464 3409 duo
479 3351 624 3410 exercitus
635 3345 712 3410 baud
730 3349 833 3428 procul
847 3349 921 3409 urbe
935 3349 1070 3409 Etruriae
1084 3365 1176 3426 oppo-

223 3429 289 3498 siti,
303 3448 381 3491 uuus
392 3432 424 3490 iu
438 3431 566 3503 Falisco,
583 3432 658 3492 alter
672 3436 702 3492 iu
718 3434 857 3494 Vaticano
873 3449 954 3510 agro.
989 3433 1042 3492 Cu.
1058 3431 1176 3492 rutum
