2546 3936
186 149 227 212 60
344 163 519 205 tirannum.
536 163 603 205 ear.
621 150 646 205 3,
663 153 689 203 4.
705 139 744 218 [a
757 166 788 203 a.
804 165 829 205 o.
841 149 903 201 413.
920 139 983 222 414]

188 319 293 374 rentur
308 311 446 380 Romani,
467 308 530 370 tolli
545 309 581 370 ab
602 318 687 387 tergo
703 309 863 369 Samnitem
879 311 994 370 hostem
1009 307 1155 371 volebant

187 430 231 444 -
246 403 344 454 tamen
359 413 413 472 per
427 394 568 472 quosdam
584 395 703 472 privatis
716 393 849 470 hospitiis
867 392 1153 453 necessitudinibus·
1243 463 1244 470 ἵ

189 497 246 558 que
263 481 436 538 coniunctos
452 477 559 537 indicia
579 478 788 536 coniurationis
805 479 867 537 eius
888 478 1012 536 Romam
1028 495 1151 536 emana·
1243 533 1244 540 ,

156 570 175 618 4
188 571 277 628 runt,
298 563 443 640 iussisque
458 569 525 621 ante
540 567 655 638 tempus
670 560 839 621 consulibus
856 559 993 620 abdicare
1007 577 1039 619 se
1055 563 1153 636 magi-

189 655 296 716 stratu,
313 665 370 724 quo
382 647 525 704 maturius
539 645 607 703 novi
619 643 753 702 consules
765 643 904 704 adversus
916 651 1026 704 tantam
1039 643 1153 704 molem
1243 655 1244 682 ³

188 729 259 790 belli
270 736 456 797 crearentur,
469 727 572 804 religio
584 728 704 786 incessit
716 726 752 786 ab
765 729 821 795 eia,
834 746 959 805 quorum
971 728 1152 787 inminutum

158 815 347 892 nimperium
363 819 453 880 esset,
478 813 595 870 comitia
616 810 728 870 haberi.
760 812 857 888 itaque
872 813 1075 888 interregnum
1093 811 1151 870 ini·

188 905 261 956 tum.
296 897 354 956 duo
373 897 539 971 interreges
560 895 679 953 luerunt
700 894 738 954 M.
762 893 895 954 Valerius
919 912 953 953 ac
973 895 1010 954 M.
1029 893 1151 954 Fabius.
1243 897 1244 916 ¹

188 981 339 1041 isereavit
353 977 487 1038 consules
502 979 536 1038 Τ.
554 977 692 1038 Manlium
709 978 890 1051 Torquatum
909 979 1028 1038 tertium
1043 977 1075 1037 P.
1092 978 1152 1038 De·

192 1064 270 1122 cium
291 1063 414 1122 Murem.
1243 1123 1244 1134 p

158 1151 177 1202 o
252 1145 295 1206 Eo
313 1163 389 1204 anno
403 1144 601 1205 Alexandrum
617 1145 700 1222 Epiri
721 1162 822 1221 regem
838 1146 870 1204 in
889 1144 1001 1204 ltaliam
1024 1143 1152 1214 classem
1243 1139 1244 1220 ξ

191 1228 338 1307 appulisse
360 1237 488 1296 constat:
510 1229 588 1306 quod
609 1227 736 1297 bellum,
760 1230 785 1286 si
806 1230 902 1305 prima
922 1231 992 1288 satis
1006 1247 1153 1308 prospera

158 1313 326 1382 esurissent,
355 1313 433 1372 haud
456 1312 543 1371 dubie
564 1313 601 1371 ad
625 1313 772 1372 Romanos
803 1313 995 1390 pervenisset.
1045 1313 1152 1372 eadem

191 1405 270 1458 aetas
291 1415 391 1457 rerum
420 1397 519 1473 magni
544 1394 702 1455 Alexandri
731 1402 789 1462 est,
820 1414 915 1474 quern¹
936 1414 1039 1456 sorore
1063 1397 1153 1458 huius
1243 1393 1244 1454 ἶ

190 1490 288 1541 ortum
305 1483 336 1539 in
352 1480 407 1538 alio
424 1487 519 1538 tractu
530 1478 610 1538 orbis
625 1480 764 1538 invictum
778 1478 862 1540 bellis
878 1480 1015 1539 iuvenem
1031 1481 1153 1540 fortuna
1243 1469 1244 1498 ³

191 1564 297 1624 morbo
312 1565 443 1622 extinxit.
1243 1571 1244 1580 ¹

159 1651 178 1702 8
252 1647 388 1707 Ceterum
406 1646 544 1715 Romani,
567 1646 622 1704 etsi
644 1644 769 1705 detectio
790 1647 945 1708 ¹sociorum
966 1649 1152 1727 nominisque
1243 1679 1244 1724 3

191 1730 287 1789 Latini
297 1730 374 1789 haud
390 1728 478 1788 dubia
498 1736 574 1798 erat,
602 1736 716 1798 tamen,
741 1723 891 1808 tamquam
910 1732 947 1792 de
960 1731 1151 1800 Samnitibus,
1243 1777 1244 1784 ,

192 1813 305 1872 nonde
327 1831 360 1872 se
383 1831 483 1872 curam
511 1822 647 1890 agerent,
675 1811 777 1872 decem
801 1815 950 1893 principes
977 1815 1152 1874 Latinorum
1243 1809 1244 1832 ¹

191 1896 315 1958 Romam
343 1905 551 1967 evocaverunt,
586 1896 692 1980 quihus
720 1898 902 1974 imperarent
929 1916 1004 1978 quae
1033 1897 1150 1959 vellent.

160 1979 1152 2128 ⁹ttmittutttltlltltlt’d·tllltt‘lttt

191 2163 246 2227 per
266 2166 339 2226 quos
360 2155 478 2227 praeter
500 2149 631 2224 Signiam
651 2111 849 2228 Velitrasque,
874 2157 904 2210 et
922 2151 1001 2228 ipsas
1022 2111 1152 2210 colonias

191 2231 353 2302 Romanae,
375 2232 472 2293 Volsci
494 2234 582 2294 etiam
602 2233 690 2292 exciti
712 2233 748 2291 ad
767 2251 848 2296 arma
865 2242 958 2296 erant.
990 2251 1041 2293 eos
1055 2235 1151 2292 nomi·
1243 2237 1244 2284 l

151 2318 283 2376 tonatim
298 2318 413 2377 evocari
433 2315 550 2394 placuit.
581 2316 660 2376 haud
678 2317 813 2393 cuiquam
829 2315 951 2380 dubium
966 2325 1042 2384 erat,
1060 2333 1152 2394 super
1243 2323 1244 2326 ’

192 2419 249 2480 qua
265 2418 299 2460 re
316 2403 496 2460 accirentur:
522 2401 620 2478 itaque
638 2399 763 2458 concilio
786 2402 868 2477 prius
883 2400 984 2460 habito
999 2407 1152 2479 praetores
1243 2431 1244 2462 r

192 2502 281 2562 quam
295 2484 418 2545 Romam
432 2484 704 2562 proficiscerentur,
725 2491 860 2543 evocatos
875 2501 907 2544 se
927 2483 963 2544 ab
979 2492 1082 2543 senatu
1098 2483 1151 2543 do·
1243 2479 1244 2552 ᾗ

191 2575 260 2626 cent
275 2568 422 2635 Romano,
439 2573 468 2626 et
484 2583 560 2645 quae
574 2573 672 2624 actum
690 2565 728 2624 iri
743 2583 843 2627 secum
858 2563 1151 2646 credant,'quidnam

194 2651 231 2710 ad
247 2668 281 2710 ea
296 2651 469 2728 responderi
484 2647 598 2726 placeat
618 2649 760 2708 referunt.
860 2701 861 2704 ,
1080 2689 1082 2694 -
1243 2651 1244 2684 r

160 2741 176 2793 l
255 2732 300 2792 lV.
324 2734 397 2799 Cum
409 2730 547 2792 aliudalii
558 2739 723 2800 censerent,
737 2739 798 2792 tum
805 2732 930 2794 Annius:
948 2780 966 2805 „
974 2751 1151 2814 quamquam
1243 2749 1244 2756 ¹

192 2816 256 2893 lpse
278 2832 333 2891 ego
355 2814 469 2885 rettuli,
493 2814 563 2893 quid
583 2815 758 2894 responderi
776 2817 920 2895 placeret,
941 2826 1040 2879 tamen
1057 2819 1151 2895 magis
1170 2821 1184 2853 ²·
1243 2867 1244 2880 ,

192 2898 380 2960 adsummam
389 2916 488 2958 rerum
497 2907 664 2958 nostrarum
676 2901 826 2977 pertinere
834 2901 972 2972 arbitror,
984 2902 1151 2982 quidagen·
1243 2947 1244 2952 1

194 2982 264 3044 dum
280 2981 366 3041 nobis
380 3000 468 3060 quarn
480 2983 549 3061 quid
561 2982 739 3061 loquendum
756 2986 802 3044 sit.
832 2985 916 3047 facile
928 2987 985 3046 erit
999 2985 1151 3064 explicatis

160 3075 178 3124 2
193 3065 322 3128 consiliis
335 3066 558 3127 accommodare
569 3068 658 3128 rebus
669 3065 767 3127 verba.
795 3085 862 3128 narn
874 3071 899 3128 si
911 3071 999 3129 etiam
1010 3066 1151 3130 nuncsuh
1243 3095 1244 3104 ¹

194 3149 298 3211 umbra
310 3149 438 3210 foederis
450 3153 535 3229 aequi
546 3154 715 3211 servitutem
728 3153 787 3229 pati
799 3154 959 3230 possimus,
973 3154 1043 3231 quid
1058 3151 1149 3219 abest,
1243 3185 1244 3210 i

194 3235 266 3313 quin
284 3233 409 3311 proditis
425 3234 561 3296 Sidicinis
579 3254 639 3295 non
657 3235 858 3296 Romanorum
881 3236 975 3296 solum
998 3237 1050 3296 sed
1067 3233 1150 3295 Sarn-
1243 3261 1244 3296 1

194 3318 299 3378 uitium
315 3335 430 3396 quoque
447 3318 527 3377 dicto
547 3337 718 3397 pareamus,
740 3318 1028 3398 respondeamusque
1043 3319 1149 3378 Roma·
1243 3349 1244 3374 l

161 3405 181 3458 8
194 3401 255 3469 nis,
267 3417 335 3470 uos,
351 3399 402 3459 ubi
413 3402 580 3470 innuerint,
594 3403 741 3480 posituros
752 3402 852 3462 armat
863 3404 909 3461 sin
921 3410 1019 3462 autem
1031 3399 1150 3460 tandem
1243 3437 1244 3482 ;
