2546 3936
232 266 236 275 ,
274 203 369 244 urana
383 203 414 244 x.
430 201 498 245 aar.
514 191 539 243 5.
554 188 578 240 6.
596 178 635 262 [a.
653 181 688 245 (l.
705 189 765 244 302.
780 182 866 264 (301.)
884 183 944 267 300]
1032 191 1093 254 153

131 354 241 412 iterum
267 349 458 410 Etruscorum
484 351 576 419 vicem
607 357 636 410 et
658 357 744 429 pacto
772 367 869 412 annuo
894 353 1039 433 stipendio
1063 362 1093 414 et

133 436 224 497 duum
246 451 380 494 mensum
400 434 548 494 lrumento
569 436 746 514 permissum
763 434 800 494 ab
822 435 979 506 dotatore,
1003 445 1034 498 ut
1055 438 1091 498 dc

132 537 205 598 pace
216 517 328 596 legatos
339 519 490 590 mitterent
499 517 630 588 Romam,
661 536 718 597 pax
730 526 849 596 negata;
865 519 1134 583 indutiaebien-13

132 605 175 663 nii
197 602 290 662 datae.
329 600 454 662 dictator
476 602 661 681 triumphans
681 604 711 663 in
736 601 841 664 urbem
861 603 959 665 rediit.
995 606 1090 666 habeo

133 694 268 748 auctores
289 687 352 746 sine
373 684 433 747 ullo
449 685 634 748 memorabili
657 686 771 765 proelio
793 695 926 766 pacatam
945 687 982 748 ab
1000 688 1090 750 dicta·

133 771 196 832 tore
213 771 360 831 Etruriam
376 787 440 830 esse
463 770 656 832 seditionibus
673 778 786 832 tantum
801 771 1005 834 Arretinorum
1020 791 1090 834 con·

132 856 233 922 positis
256 862 284 914 et
308 853 401 916 Cilnio
426 871 535 933 genere
555 872 623 916 cum
647 854 734 935 plebe
754 857 785 914 in
811 857 934 933 gratiam
957 857 1090 918 reducto.

132 936 233 999 consul
257 957 294 999 ex
319 939 462 1000 dictatura
489 939 584 1000 iactus
604 939 643 1000 bi.
663 939 804 1000 Valerius.
853 957 913 1000 aon
937 947 1087 1018 petentem
1100 947 1149 1026 ιιι

134 1031 218 1102 nique
233 1022 307 1083 adeo
322 1023 409 1083 etiam
423 1022 575 1084 absentem
591 1030 722 1084 creatum
739 1022 887 1084 tradidere
903 1025 1037 1104 quidam,
1061 1032 1090 1086 et

131 1119 184 1186 per
197 1108 378 1185 interregem
393 1125 427 1168 ea
442 1108 560 1168 comitia
578 1107 663 1168 iacta.
697 1106 728 1166 id
743 1125 833 1168 unum
849 1125 909 1168 non
921 1108 1088 1189 ambigitur,

130 1189 313 1252 consulatum
329 1208 395 1250 cum
409 1189 531 1270 Apuleio
547 1190 640 1251 Pansa
658 1191 791 1268 gessisse.

194 1273 240 1335 Vl.
270 1275 309 1335 M.
325 1273 440 1334 Valerio
464 1281 493 1335 et
517 1274 551 1344 Q.
575 1272 696 1352 Apuleio
719 1273 887 1334 consulibus
909 1277 979 1336 satis
1003 1284 1116 1354 paca-1

130 1367 176 1420 tae
198 1358 271 1419 ioris
287 1376 335 1418 res
350 1358 447 1418 luere:
463 1357 620 1418 Etruscum
636 1357 756 1418 adversa
771 1357 840 1420 belli
855 1375 904 1418 res
915 1365 945 1418 et
958 1359 1088 1420 indutiae
1101 1368 1117 1416 2

129 1445 260 1522 quietum
277 1441 429 1511 tenebant,
446 1441 607 1502 Samnitem
621 1440 779 1502 multorum
796 1459 941 1502 annorum
957 1441 1089 1503 cladibus

129 1526 272 1587 domitum
288 1525 437 1586 hauddum
458 1524 587 1585 foederis
602 1525 670 1586 novi
683 1524 860 1604 paenitebat.
890 1526 1001 1588 Romae
1016 1533 1116 1605 quo-3

129 1629 186 1690 que
207 1609 324 1688 plebem
348 1611 477 1688 quietam
503 1617 532 1670 et
552 1617 741 1670 exoneratam
762 1609 885 1671 deducta
905 1611 936 1670 in
959 1609 1088 1671 colonias

128 1692 284 1754 multitudo
299 1693 476 1772 praestabat.
502 1701 615 1764 tamen,
639 1711 677 1754 ne
698 1694 829 1774 undique
851 1693 1025 1774 tranquillae
1038 1713 1088 1756 res

128 1784 241 1847 essent,
265 1785 415 1839 certamen
429 1778 570 1839 iniectum
584 1779 662 1838 inter
676 1781 823 1856 primores
838 1781 973 1850 civitatis,
994 1781 1086 1859 patri·

128 1863 190 1922 cios
209 1860 413 1941 plebeiosque,
440 1860 477 1921 ab
502 1861 628 1922 tribunis
650 1861 745 1939 plebis
765 1862 799 1932 Q.
822 1869 851 1922 et
871 1863 923 1925 Gn.
945 1862 1085 1940 Ogulniis,

130 1946 181 2024 qui
197 1945 325 2025 undique
341 1943 591 2006 criminandorum
606 1955 725 2023 patrum
736 1945 812 2024 apud
827 1944 944 2023 plebem
957 1949 1115 2008 occasio-4

127 2027 214 2090 nibus
226 2031 378 2109 quaesitis,
394 2036 549 2108 postquam
563 2027 619 2088 alia
629 2029 739 2089 lrustra
754 2035 894 2105 temptata
907 2037 1004 2098 erant,
1021 2047 1086 2090 eam

127 2114 273 2173 actionem
288 2119 495 2191 susceperunt,
511 2129 568 2190 qua
584 2129 644 2171 non
662 2111 792 2170 infimam
807 2109 925 2189 plebem
942 2113 1084 2174 accende·

125 2204 209 2264 rent,
233 2195 284 2254 sed
307 2197 369 2270 ipsa
396 2196 490 2272 capita
512 2193 622 2272 plebis,
648 2193 810 2254 consularis
835 2195 1085 2278 triumphalesque

125 2278 274 2356 plebeios,
291 2295 417 2354 quorum
431 2276 594 2337 honoribus
605 2275 678 2336 nibil
689 2285 809 2357 praeter
818 2279 994 2346 sacerdotia,
1011 2290 1113 2358 quae5

126 2359 258 2422 nondum
269 2361 436 2438 promiscua
449 2367 546 2430 erant,
562 2359 706 2420 deessent.
741 2362 924 2436 rogationem
936 2378 1006 2439 ergo
1017 2380 1086 2440 pro·
1098 2372 1116 2422 6

127 2443 312 2522 malgerum,
329 2449 374 2512 ut,
391 2461 457 2503 cum
473 2450 610 2524 quattuor
624 2459 764 2521 augures,
782 2450 918 2522 quattuor
933 2447 1084 2523 pontifices

127 2547 161 2590 ea
175 2533 348 2607 tempestate
363 2534 475 2598 essent,
495 2527 684 2606 placeretque
705 2528 806 2604 augeri
825 2528 1011 2588 sacerdotum
1028 2546 1083 2588 nu-

125 2631 256 2681 merum,
282 2617 418 2691 quattuor
439 2606 607 2690 pontifices,
629 2614 758 2690 quinque
780 2627 922 2689 augures,
944 2611 981 2671 de
996 2610 1084 2691 plebe

125 2715 244 2769 amnes,
267 2695 486 2775 adlegerentur.
513 2694 760 2774 quemadmodum
779 2695 817 2754 ad
834 2700 973 2776 quattuor
992 2706 1111 2774 ungu-7

125 2799 192 2842 rum
213 2799 385 2850 numerum,
406 2779 465 2842 nisi
487 2785 583 2840 morta
604 2779 743 2848 duorum,
764 2777 795 2838 id
814 2777 911 2857 redigi
926 2777 1083 2858 collegium

124 2867 268 2942 potuerit,
284 2883 345 2927 aon
359 2864 491 2937 invenio,
509 2880 576 2924 cum
592 2864 671 2923 inter
682 2879 808 2941 augures
821 2870 935 2924 constet
948 2865 1083 2944 inparem

125 2964 281 3008 numerum
297 2949 407 3010 debere
430 2966 508 3020 esse,
534 2955 568 3009 ut
589 2954 649 3008 tres
670 2948 806 3027 antiquae
826 2947 932 3018 tribus,
955 2948 1083 3009 Ramnes

4 3051 7 3076 ι
124 3030 270 3092 Titienses
283 3032 426 3104 Luceres,
454 3049 539 3093 suum
555 3046 687 3111 quaeque
701 3049 842 3110 augurem
860 3031 1002 3101 habeant,
1025 3037 1081 3100 aut,
1095 3039 1112 3088 8

124 3115 150 3173 si
162 3113 296 3191 pluribus
311 3117 350 3176 sit
361 3135 448 3194 cpuS,
464 3117 530 3195 pari
545 3116 623 3176 inter
639 3133 670 3176 se
685 3133 809 3176 numero
825 3115 993 3175 sacerdotes
1006 3113 1081 3175 mul·

124 3197 272 3276 tiplicent,
288 3200 364 3259 sicut
377 3199 560 3278 multiplicati
574 3205 658 3268 sunt,
673 3215 740 3258 cum
755 3197 791 3259 ad
807 3205 943 3278 quattuor
955 3199 1084 3277 quinque

125 3283 231 3344 adiecti
247 3301 352 3344 novem
368 3300 539 3353 numerum,
560 3290 594 3344 ut
614 3282 692 3344 terni
704 3283 735 3342 in
751 3281 879 3360 singulas
895 3290 1009 3352 essent,
1033 3299 1082 3342 ex·

124 3367 287 3444 pleverunt.
327 3373 474 3437 ceterum,
502 3366 627 3446 quiade
647 3365 734 3446 plebe
754 3365 981 3444 adlegebantur,
1002 3365 1109 3426 iunias

125 3467 190 3514 eam
205 3471 269 3516 reru
292 3470 380 3532 aegre
399 3454 479 3533 passi
499 3458 612 3531 patres,
636 3469 723 3532 quam
735 3469 803 3535 cum
818 3450 1001 3514 consulatum
1022 3449 1082 3512 vul·
