2546 3936
339 232 433 274 urana
448 231 492 274 11.
509 231 577 274 car.
595 219 621 272 2.
639 218 664 270 3.
682 209 722 292 [a.
736 214 772 276 O.
787 211 849 296 321]
1034 216 1078 284 95

115 381 240 463 gradum
252 382 317 443 sine
330 378 419 441 ullius
433 380 574 458 imperio,
589 386 750 459 stuporque
765 381 896 441 omnium
912 383 1024 444 animos
1042 401 1076 445 ac

114 464 194 528 velut
211 471 314 545 torpor
328 462 447 544 quidam
460 461 594 524 insolitus
606 463 739 524 membra
755 469 850 532 tenet,
867 465 1072 546 intuentesque
1085 473 1117 526 lt

115 549 165 612 alii
179 547 267 620 alios,
286 566 354 608 cum
369 546 493 609 alterum
505 548 628 626 quisque
643 553 799 627 conpotem
812 549 906 626 magis
919 551 1026 612 mentis
1042 568 1076 612 ac

114 631 230 695 consilii
241 632 398 702 ducerent,
416 630 465 691 diu
479 628 635 691 inmobiles
650 630 746 691 silent
773 629 942 691 deindeubi
956 640 1119 711 praeto-12

115 719 161 778 ria
176 715 330 776 consulum
339 715 413 792 erigi
428 713 529 775 videre
540 721 570 775 et
581 712 720 792 expedire
732 713 873 794 quosdam
890 713 970 776 utilia
982 719 1073 795 operi,

113 817 292 881 quamquam
307 797 435 859 ludibrio
455 797 520 858 lore
539 799 706 859 munientes
727 797 851 877 perditis
865 798 956 859 rebus
973 817 1007 860 ao
1023 818 1076 879 spo

114 885 197 945 omni
211 883 347 962 adempta
362 881 538 952 cernebant,
562 889 678 954 tamen,
704 900 742 942 ne
758 881 874 961 culpam
888 881 971 944 malis
985 882 1073 945 adde·
1085 891 1119 943 la

112 975 196 1037 rent,
215 983 270 1046 pro
288 984 319 1026 se
331 967 454 1046 quisque
469 981 524 1026 nec
546 965 684 1026 hortante
699 964 758 1026 ullo
779 983 835 1025 nec
856 967 1021 1044 imperante
1039 966 1075 1028 ad

112 1051 306 1113 muniendum
321 1051 399 1110 versi
413 1055 508 1110 castra
526 1055 649 1128 propter
670 1068 776 1129 aquam
792 1049 866 1110 vallo
883 1050 1073 1120 circumdant,

113 1153 167 1196 sua
181 1136 237 1215 ipsi
250 1150 339 1213 opera
354 1132 544 1212 laboremque
558 1134 693 1204 inritum,
710 1134 1006 1213 praeterquamquod
1019 1135 1072 1195 bo·
1085 1142 1120 1193 14

113 1226 174 1280 stes
188 1217 316 1297 superbe
330 1215 537 1295 increpabant,
554 1235 620 1277 cum
637 1215 799 1278 miserabili
811 1217 996 1278 confessione
1014 1217 1075 1278 elu-

114 1303 228 1363 dentes.
263 1301 300 1362 ad
320 1299 455 1360 consules
476 1307 616 1370 maestos,
640 1317 677 1360 ne
707 1300 881 1361 advocantes
900 1301 1019 1380 quidem
1042 1303 1120 1363 inlt

114 1385 286 1455 consilium,
302 1383 418 1464 quando
430 1402 486 1444 nec
498 1383 620 1444 oonsilio
632 1401 688 1444 nec
699 1382 806 1444 auxilio
821 1383 904 1444 locus
916 1391 1006 1453 esset,
1023 1403 1075 1446 sua

114 1477 221 1548 sponte
237 1467 325 1545 legati
339 1483 373 1527 ac
388 1466 500 1529 tribuni
516 1469 706 1538 conveniunt,
722 1465 888 1546 militesque
906 1467 942 1527 ad
957 1476 1074 1547 praeto-

113 1555 193 1614 rium
208 1552 285 1612 versi
306 1569 406 1631 opem,
426 1569 514 1631 quarn
527 1554 576 1612 vix
592 1551 631 1612 dii
645 1549 818 1612 inmortales
832 1552 913 1611 terre
927 1558 1073 1630 poterant,

116 1635 152 1699 ab
167 1633 290 1695 ducibus
308 1642 478 1714 exposcunt.
523 1635 571 1696 lll.
602 1635 766 1707 Querentes
785 1637 878 1714 magis
900 1653 988 1714 quam
1004 1641 1101 1695 con-1

114 1719 256 1781 sultantes
268 1737 327 1779 nox
333 1721 487 1799 oppressit,
501 1737 630 1799 cumpro
639 1720 758 1796 ingenio
768 1721 892 1800 quisque
903 1720 1073 1788 fremerent,

115 1803 203 1863 alius:
234 1819 316 1881 „per
332 1801 432 1863 obices
448 1804 576 1873 riarum,
594 1801 695 1884 [alius]
712 1821 766 1882 per
781 1804 902 1864 adversa
919 1805 1073 1872 montium,

114 1904 169 1966 per
183 1885 283 1956 silvae,
299 1905 356 1965 qua
370 1886 444 1946 ferri
457 1903 539 1946 arma
556 1894 709 1967 poterunt,
734 1905 849 1956 eamus3
865 1886 953 1947 modo
970 1886 1005 1947 ad
1021 1887 1105 1946 hot

115 1977 190 2030 stem
205 1971 360 2049 pervenire
377 1969 477 2040 liceat,
492 1988 580 2050 quern
595 1988 650 2051 per
666 1987 759 2030 annos
772 1972 830 2030 iarn
845 1987 939 2049 prope
954 1971 1074 2046 triginta

78 2056 80 2064 '
114 2054 271 2114 vincimus:
289 2055 386 2114 omnia
399 2072 491 2133 aequa
503 2061 532 2114 et
546 2053 633 2133 plana
645 2061 732 2114 erunt
742 2052 874 2114 Romano
885 2054 917 2113 in
928 2052 1074 2130 perfidum

115 2138 277 2198 Samnitem
296 2139 475 2216 pugnanti,“
492 2137 580 2198 alius:
615 2155 698 2216 „quo
714 2144 764 2197 aut
780 2155 838 2216 qua
857 2137 974 2197 eamus?
1003 2141 1104 2197 numa

113 2228 231 2282 montes
246 2219 345 2282 moliri
359 2221 428 2284 sede
444 2238 496 2281 sua
521 2221 677 2300 paramus?
709 2219 779 2280 dum
794 2219 868 2280 baec
888 2219 1076 2279 inmInebunt

113 2306 198 2382 iuga,
221 2322 277 2384 qua
299 2313 331 2364 tu
349 2304 385 2365 ad
406 2305 521 2364 hostem
545 2303 663 2364 veniesi
692 2304 796 2362 armati
817 2305 961 2370 inermes,
983 2301 1075 2363 fortes

114 2389 228 2466 ignari,
252 2391 363 2466 pariter
379 2406 482 2448 omnes
497 2389 574 2466 capti
589 2395 675 2466 atque
690 2387 759 2446 victi
768 2403 881 2446 sumus.
909 2403 947 2445 ne
962 2385 1075 2446 terrum

115 2471 234 2550 quidem
249 2471 287 2532 ad
307 2471 384 2533 bene
399 2471 585 2533 moriendum
601 2469 752 2531 oblaturus
768 2475 814 2530 est
836 2467 942 2539 hostis,
969 2468 1075 2530 sedens

114 2553 226 2615 bellum
245 2556 411 2617 conficiet.“
441 2556 487 2616 bis
506 2556 631 2615 invicem
652 2551 838 2615 sermonibus
860 2550 998 2632 quacibi
1018 2563 1105 2632 quat

116 2639 222 2717 quietis
237 2640 385 2710 inmemor
399 2657 458 2700 nor
474 2639 609 2701 traducta
622 2645 676 2699 est.
1125 2651 1127 2654 ·

178 2721 223 2784 Ne
238 2722 418 2784 Samnitibus
434 2722 552 2802 quidem
568 2721 722 2783 consilium
743 2722 774 2782 iu
790 2728 850 2782 tam
865 2718 948 2781 laetis
968 2737 1074 2800 suppe-

115 2804 197 2867 tebat
209 2805 309 2867 rebus.
338 2807 437 2886 itaque
450 2807 581 2866 universi
594 2805 776 2867 Herennium
791 2805 945 2874 Pontium,
960 2812 1075 2884 patrem
1152 2852 1158 2856 .

115 2891 316 2968 imperatoris,
330 2907 386 2970 per
396 2888 509 2950 litteras
519 2887 731 2951 consulendum
746 2896 877 2950 censent.
899 2890 959 2950 iarn
969 2890 995 2949 is
1005 2896 1104 2966 gra-a

117 2972 160 3032 ris
175 2973 260 3032 annis
276 2991 336 3034 non
356 2973 531 3034 militaribus
545 2972 641 3034 solum
656 2973 708 3034 sed
723 2972 856 3034 civilibus
870 2990 987 3052 quoque
1007 2970 1079 3032 abs·-

117 3062 247 3116 cesserat
260 3056 447 3126 muneribus;
470 3059 500 3118 in
516 3075 640 3137 corpore
658 3065 757 3117 tamen
771 3057 886 3116 adiecto
902 3053 1018 3132 vigebat
1031 3056 1074 3112 vis

117 3136 210 3199 animi
221 3138 401 3218 consiliique.
422 3140 510 3201 isubi
523 3142 636 3219 accepit
646 3139 683 3200 ad
697 3139 827 3200 furculas
839 3137 983 3200 Caudinas
997 3139 1102 3196 interit

115 3221 191 3284 duos
205 3220 296 3284 saltus
312 3221 424 3284 clausos
442 3242 506 3285 esse
529 3225 675 3284 exercitus
686 3221 850 3291 Romanos,
871 3218 1022 3281 consultus
1037 3218 1073 3280 ab

115 3307 219 3368 nuntio
240 3303 292 3367 tilii
312 3309 427 3369 censuit
444 3324 547 3368 omnes
571 3306 641 3367 inde
660 3321 747 3385 quam
771 3307 900 3384 primum
921 3301 1078 3364 inviolatos

115 3390 316 3452 dimittendos.
364 3409 439 3472 quae
467 3389 519 3451 ubi
543 3397 642 3470 spreta
669 3389 814 3450 sententia
838 3395 883 3449 est
906 3388 1105 3466 iterumque?

115 3475 221 3538 eodem
242 3484 394 3537 remeante
418 3475 520 3535 nuntio
546 3472 766 3546 consulebatur,
794 3472 907 3536 censuit
926 3470 963 3533 ad
982 3488 1073 3532 unum
