2538 3946
288 147 382 196 mea
394 149 458 192 m.
473 147 543 192 aar.
559 136 600 193 rs.
618 135 660 194 ee.
675 105 895 210 17.[a.0.2l8]
1012 129 1076 197 217

46 294 231 369 pronius
265 295 400 360 consules
417 295 547 365 luerint,
569 293 606 355 ad
626 312 699 373 quos
715 302 745 355 et
759 295 906 374 principio
922 312 1074 374 oppugna-

52 375 179 440 tionis
201 379 308 459 legati
324 380 479 457 Saguntini
493 379 575 439 missi
590 379 662 447 sint,
679 386 709 439 et
725 379 775 458 qui
788 380 820 440 in
835 396 888 439 suo
902 380 1075 456 magistratu

58 476 154 520 cum
174 461 378 533 Hannibale,
393 460 515 522 altered
530 461 665 521 Ticinum
680 477 812 532 amnem,
828 460 914 522 ambo
927 461 1075 541 aliquanto

59 549 157 621 post
173 547 227 606 ad
235 546 377 608 Trebiam
386 546 589 625 pugnaverint.
612 552 662 606 aut
673 545 771 605 omnia
782 544 918 606 breviora
930 543 1107 625 aliquantos

66 627 211 700 fuere,
233 638 285 692 aut
297 631 460 707 Saguntum
476 629 623 707 principio
640 630 723 699 anni,
742 647 799 707 quo
814 628 847 688 P.
864 627 1016 689 Cornelius
1029 627 1073 689 Ti.

70 709 314 792 Sempronius
325 710 461 774 eonsules
473 711 604 780 luerunt,
623 728 683 771 non
698 719 835 789 coeptum
846 712 1011 790 oppugnari
1023 718 1075 781 est,
1159 763 1161 766 .

76 795 151 855 sed
171 805 313 876 captmn.
344 813 413 857 nam
429 795 589 856 excessisse
603 811 702 872 pugna
714 794 752 855 ad
766 792 904 855 Trebiam
919 795 953 855 in
967 801 1108 856 annumo

80 877 155 938 Cn.
182 881 297 940 Servili
318 885 348 940 et
364 879 395 941 C.
407 877 534 939 Flamini
555 891 615 938 non
634 883 746 957 potest,
771 879 839 956 quia
860 877 891 939 G.
914 875 1076 938 Flaminius

85 963 244 1023 Arimini
258 960 440 1023 consulatum
452 963 526 1030 iniit,
543 967 658 1021 oreatus
671 978 687 1020 a
699 960 744 1020 Ti.
760 959 935 1038 Sempronio
946 959 1076 1030 consule,

88 1046 159 1123 qui
175 1055 250 1125 post
261 1063 389 1125 pugnam
400 1045 437 1106 ad
448 1043 586 1106 'l'rehiam
599 1043 635 1105 ad
652 1043 794 1104 creandos
809 1041 943 1103 consules
954 1043 1080 1104 Romam

91 1145 184 1188 cum
208 1123 349 1199 venisset,
373 1127 498 1190 comitiis
511 1126 651 1206 perlectis
674 1125 711 1186 ad
725 1127 886 1188 exercitum
903 1125 934 1188 in
951 1126 1078 1189 hiberna
1120 1143 1122 1150 ·

94 1211 216 1272 rediit.
441 1245 447 1251 ·

181 1294 256 1356 XVl.
292 1292 353 1354 Sub
372 1291 452 1354 idem
467 1292 531 1352 iere
549 1299 665 1371 tempus
686 1300 716 1353 et
732 1291 836 1370 legati,
857 1294 908 1372 qui
927 1293 1102 1353 redierantr

102 1376 150 1438 ab
171 1377 364 1454 Carthagine,
387 1375 511 1440 Romam
524 1373 690 1438 retulerunt
702 1377 801 1436 omnia
820 1374 937 1436 hostilia
952 1393 1033 1446 esse,
1049 1382 1079 1436 et

103 1461 246 1538 Sagunti
263 1458 409 1520 excidium
423 1459 588 1520 nuntiatum
604 1465 663 1529 est,
679 1465 835 1539 tantusque
851 1457 938 1521 simul
961 1469 1109 1520 maerore

104 1553 222 1624 patres
236 1541 495 1621 misericordiaque
510 1543 658 1603 sociorum
672 1549 895 1622 peremptorum
910 1542 1032 1622 indigne
1049 1549 1080 1604 et

109 1626 220 1707 pudor
235 1643 297 1688 non
311 1624 362 1688 lati
381 1625 482 1687 auxilii
498 1632 528 1687 et
542 1627 586 1686 ira
599 1626 630 1685 in
651 1626 908 1704 Carthaginienses
924 1634 1079 1704 metusque

112 1711 160 1771 de
171 1729 286 1772 summa
300 1727 401 1770 rerum
415 1709 508 1789 cepit,
526 1707 603 1770 velut
613 1710 639 1768 si
652 1711 711 1771 iam
726 1709 873 1789 adportas
886 1709 980 1772 hostis
992 1716 1080 1779 esset,

113 1801 155 1856 ut
169 1800 215 1854 tot
229 1810 289 1854 uno
303 1799 438 1871 tempore
451 1792 580 1853 motibus
595 1793 684 1854 ammi
697 1792 808 1862 turbati
821 1792 1004 1871 trepidarent
1018 1812 1079 1854 ma·

119 1878 169 1956 gis
184 1893 272 1955 quam
286 1873 489 1936 consulerent:
506 1893 575 1935 nam
589 1893 685 1954 neque
699 1875 815 1946 hostem
837 1876 983 1935 acriorem
997 1875 1110 1936 heht-s

121 1961 328 2038 eosioremque
342 1975 443 2018 secum
457 1975 664 2036 congressum,
688 1976 744 2018 nec
765 1975 829 2018 rem
842 1958 1004 2019 Romanam
1020 1965 1081 2020 tam

124 2043 255 2104 desidem
266 2040 507 2121 nmquam'iuisse
521 2040 768 2120 atqueinhellem.
795 2039 1108 2120 Sardosilorsosquet

125 2133 156 2188 et
170 2126 286 2186 Hhuos
301 2132 388 2203 atque
403 2122 518 2202 Illyrios
533 2122 685 2185 lacessisse
700 2124 794 2202 magis
811 2141 898 2202 quam
914 2125 1081 2188 exercuisse

125 2210 255 2271 Romana
273 2225 368 2276 arma,
395 2213 424 2268 et
447 2223 515 2267 cum
534 2205 624 2268 Gallis
641 2206 848 2269 tumultuatum
873 2207 971 2268 verius
993 2226 1078 2286 quam

125 2291 346 2368 belligeratum:
363 2290 495 2352 Poenum
507 2291 622 2352 hostem
637 2297 824 2360 veteranum,
838 2291 928 2350 trium
939 2295 969 2350 et
979 2291 1111 2368 vigintio

37 2373 44 2378 ’
127 2391 271 2437 annorum
286 2371 389 2434 militia
404 2374 559 2435 durissima
581 2375 660 2434 inter
673 2374 819 2454 Hispanas
841 2380 944 2452 gentes
963 2392 1081 2455 semper

127 2460 281 2539 victorem,
298 2457 366 2517 duci
381 2459 525 2518 acerrimo
541 2457 709 2528 adsuetum,
734 2464 886 2519 recentem
910 2456 947 2517 ah
968 2457 1081 2519 excidio

128 2539 363 2619 opulentissimae
374 2539 457 2602 urhis
470 2539 614 2602 Iliberum
630 2541 772 2610 transire;
791 2540 909 2601 trahere
924 2558 1024 2602 secum
1038 2547 1110 2602 toto

130 2626 236 2685 excitos
249 2625 447 2700 llispanorum
466 2623 606 2705 populos;
638 2625 821 2687 conciturum
844 2623 942 2685 avidas
963 2642 1083 2704 semper

130 2726 278 2770 armorum
293 2704 417 2770 Gallicas
432 2715 551 2786 gentes:
569 2726 635 2769 cum
653 2707 726 2768 orhe
744 2714 892 2769 terrarum
906 2706 1017 2769 hellam
1030 2725 1082 2787 ge·

130 2791 251 2853 rendum
266 2793 299 2852 in
314 2789 396 2852 ltalia
411 2809 445 2852 ac
459 2809 515 2872 pro
529 2792 684 2854 moenibus
701 2791 841 2854 Romanis
857 2809 931 2853 esse.

186 2875 273 2936 XVll.
316 2873 489 2936 Nominatae
519 2875 578 2936 iam
606 2883 690 2938 antea
718 2874 888 2937 consulibus
912 2877 1107 2954 provinciaet

131 2965 226 3026 erant,
250 2966 312 3019 tum
336 2960 436 3020 sortiri
454 2959 535 3019 iussi.
570 2958 706 3022 Cornelio
723 2960 877 3039 Hispania,
907 2959 1083 3039 Sempronio

130 3040 223 3102 lirina
241 3059 309 3102 cum
329 3041 427 3103 Sicilia
448 3043 553 3103 evenit.
594 3061 646 3105 sex
669 3046 701 3104 in
722 3061 790 3104 eum
810 3060 920 3104 annum
946 3043 1112 3104 decretaee

131 3125 256 3202 legiones
288 3132 318 3186 et
346 3127 458 3186 socium
485 3133 626 3204 quantum
655 3127 727 3206 ipsis
753 3125 903 3186 videretur
928 3132 958 3187 et
984 3125 1084 3187 classis

133 3216 233 3288 quanta
248 3209 349 3288 parari
363 3215 472 3288 posset
504 3217 640 3288 quattuor
656 3217 686 3270 et
704 3210 808 3288 viginti
828 3208 961 3289 peditum
975 3209 1082 3272 Roma·
1095 3216 1112 3268 3

133 3308 231 3352 nerum
247 3291 327 3353 milia
341 3292 451 3371 scripta
466 3299 495 3353 et
510 3291 591 3354 mille
606 3293 768 3370 octingenti
786 3293 914 3372 equites,
937 3294 1085 3354 sociorum

97 3401 99 3405 ·
133 3373 318 3454 quadraginta
332 3374 413 3436 miha
424 3376 569 3455 peditum,
588 3383 727 3456 quattuor
740 3375 821 3438 milia
837 3381 867 3436 et
877 3376 1086 3456 quadringenti
