2546 3936
301 207 510 264 ,ιιιιιιιιιιι
534 200 745 283 umecta.
762 201 875 285 (3.340]
939 281 943 288 Ι
1041 209 1081 270 tt

61 437 63 440 ,
121 385 267 450 prospere
284 376 362 430 esset
376 374 553 446 pugnatum,
571 387 588 430 a
601 371 697 448 prima
708 372 772 431 acie
787 369 824 430 ad
840 371 958 430 triarios
972 370 1083 430 senum
1181 369 1184 374 ’

122 452 357 515 reserebantur:v
372 451 442 511 inde
459 458 523 512 rein
539 452 576 512 'ad
592 453 710 514 triarios
724 452 852 524 redisse,
876 471 942 532 oum
960 452 1082 532 labora·

120 547 171 598 tur
177 534 362 614 ,proverbio
377 534 533 597 increbuit.
561 537 657 596 triarii
671 545 898 614 consurgentes,
920 536 973 598 ubi
987 537 1019 596 in
1035 537 1080 596 in·
1092 544 1127 596 12

120 619 242 682 tervalla
253 619 393 680 ordinum
407 636 527 679 suorum
543 620 692 699 principes
706 631 736 682 et
751 621 881 682 hastatos
891 622 1081 699 recepissent,

122 703 272 801 extemplo
288 703 456 802 conpressis
470 703 623 764 ordinibus
638 703 718 764 velut
731 703 944 765 claudebant
919 721 993 774 uas,
1007 722 1081 765 uno·
1092 711 1127 764 tt

121 792 181 868 ιιοιΙ
191 787 353 847 continenti
365 787 490 865 agmine,
503 788 561 846 iarn
573 787 652 848 nulla
664 807 716 868 spe
726 780 933 869 postrehcta's
926 805 955 847 m
968 788 1081 848 hostem
1142 853 1143 858 .

122 869 307 932 incidebant.
319 870 350 930 id
362 879 426 931 erat
435 869 740 934 formidolosissimum
752 871 843 942 hosti,
856 890 923 932 cum
936 871 1049 932 velut
1025 889 1082 931 ιιο-

122 964 170 1016 tos
185 955 308 1015 insecuti
321 973 425 1024 novam
439 966 564 1034 repente
575 956 667 1015 aciem
680 966 887 1034 exsurgentem
900 964 1015 1026 aucum
1029 973 1082 1015 nu·

123 1056 207 1100 mero
223 1037 393 1098 cernebant.
424 1037 630 1100 scribebantur
647 1049 744 1100 autem
759 1047 896 1120 quattuor
912 1040 975 1099 lere
989 1037 1080 1116 legio·
1093 1047 1127 1096 lt

124 1141 178 1184 nes
193 1123 290 1200 quinis
305 1120 423 1182 milibus
437 1122 586 1200 peditum,
602 1123 749 1202 equitibus
764 1125 794 1183 in
808 1121 938 1200 singulas
952 1122 1084 1200 legiones

123 1207 262 1268 trecenis.
286 1204 410 1265 alterum
423 1215 537 1266 tantum
548 1225 585 1266 ex
593 1207 697 1267 Latino
710 1206 818 1267 dilectu
830 1206 1020 1277 adiciebatur,
1033 1207 1084 1286 qui

118 1293 160 1350 'ea
173 1298 348 1367 tempestate
361 1290 460 1352 hostes
475 1299 560 1350 erant
570 1290 723 1364 Romanis,
740 1291 903 1369 eodemque
918 1291 1023 1350 ordine
1038 1292 1083 1349 in·
1099 1339 1102 1346 .

124 1381 297 1434 struxerant·
310 1374 413 1433 aciem.
442 1391 498 1434 nec
519 1371 622 1434 vexilla
643 1392 711 1434 cum
733 1373 846 1434 vexiDis
865 1382 993 1443 tantum,
1017 1374 1081 1436 uni·
1094 1381 1128 1431 lb

89 1492 92 1497 ·
125 1457 203 1516 versi
218 1455 326 1514 hastati
341 1473 406 1516 curn
422 1455 556 1526 hastatis,
572 1459 722 1537 principes
738 1476 805 1518 cum
819 1452 1084 1536 principibus,.sed

126 1540 260 1603 centurio
277 1552 393 1618 quoque
411 1558 477 1600 cum
494 1542 682 1612 centurione,
711 1543 735 1601 si
752 1541 872 1601 ordines
892 1541 1003 1600 turbati
1023 1557 1083 1600 non

126 1631 240 1693 essent,
257 1621 562 1684 concurrendum-sibi
572 1643 642 1686 esse
656 1624 776 1690 sciebat.
807 1625 865 1685 duo
878 1625 967 1703 primi
979 1623 1032 1703 pili
1046 1623 1143 1708 exio
1208 1655 1210 1658 ·

109 1729 112 1733 ·
124 1715 250 1786 utraque
264 1708 327 1766 acic
341 1708 419 1768 inter
432 1709 551 1768 triarios
565 1716 664 1778 erant,
689 1709 838 1770 Romanus
853 1726 979 1787 corpore
991 1706 1084 1768 haud·

124 1810 271 1872 quaquam
293 1792 364 1851 satis
387 1791 513 1866 validus,
538 1801 670 1853 ceterum
693 1801 831 1854 strenuus
850 1793 895 1852 ιιι
913 1795 1085 1871 peritusque

124 1873 259 1944 militiae,
275 1874 396 1936 Latinus
407 1875 519 1936 viribus
532 1877 638 1953 ingens
648 1874 832 1956 bellatorque
846 1878 973 1954 primus,
991 1877 1129 1937 notis-1⁷
1164 1877 1165 1882 ’

32 1971 33 1974 ’
125 1959 192 2020 simi
208 1960 285 2018 iute'r
306 1977 354 2028 se,
375 1959 440 2037 quis
460 1976 547 2037 pares
567 1978 686 2039 semper
706 1961 826 2020 ordines
840 1961 993 2020 duxerant.
1024 1959 1081 2020 Ro·
1093 1963 1130 2016 1⁸

124 2058 213 2103 mano
235 2041 314 2102 haud
336 2043 406 2102 satis
430 2043 532 2102 tidenti
552 2043 663 2104 uiribus
694 2045 752 2104 iam
774 2044 885 2105 Rontae
908 2045 1085 2121 permissum

64 2132 67 2138 '
85 2178 88 2184 ,
126 2134 190 2202 erat
200 2125 237 2186 ab
250 2125 429 2195 consulibus,
440 2126 742 2204 utsubcenturionem
756 2128 820 2197 sibi,
837 2145 924 2206 quem
936 2126 1030 2195 vellet,
1044 2126 1085 2186 le·
1163 2178 1165 2182 .

125 2219 224 2308 geret,
246 2211 297 2307 qui
320 2219 466 2271 tutaretur
488 2229 554 2270 eum
575 2209 612 2271 ab
635 2207 862 2271 uno-'destinato
882 2210 981 2279 hoste3
1003 2212 1087 2288 isque

119 2294 240 2352 iuvenis
251 2295 282 2352 in
294 2295 356 2353 acie
367 2293 482 2354 oblatus
494 2313 531 2354 ex
544 2291 717 2354 centurione
729 2294 832 2354 Latino
843 2294 995 2352 victoriam
1009 2291 1132 2353 tulit.

211 2375 376 2453 Pugnatum
392 2387 435 2437 est
449 2377 527 2437 haud
545 2377 649 2456 procul
670 2375 818 2438 radicibus
832 2377 947 2437 Vesuvii
966 2377 1083 2446 montis,
1096 2382 1132 2433 ιι

75 2525 78 2532 ,
127 2460 242 2541 quasia
256 2459 293 2520 ad
308 2459 439 2520 Veserim
454 2459 578 2524 terebat
609 2457 1113 2558 tx.n0mantconsutes,prios-1

126 2563 215 2624 quarn
233 2543 438 2604 educerentur
452 2546 555 2615 aciem,
572 2544 806 2612 immolaverunt
837 2544 927 2605 Decio
942 2545 1086 2621 caputio·

126 2629 236 2689 cineris
259 2645 275 2688 a
297 2627 434 2688 familiari
451 2637 535 2708 parte
552 2647 670 2689 caesum
693 2627 849 2710 haruspex
860 2627 967 2687 dicitur
988 2637 1087 2688 osten·

126 2712 220 2773 disse.
233 2710 342 2792 alioqui
353 2721 504 2790 acceptam
516 2711 561 2773 drs
570 2711 695 2774 hostiam
708 2731 787 2781 esse:
813 2701 952 2774 Manlium
968 2711 1087 2789 egregie

126 2795 236 2856 litasse
267 2797 385 2875 „atqui
389 2794 465 2856 hene
473 2795 596 2876 habet‘
613 2797 713 2875 inquit
722 2796 867 2866 Decius,
869 2811 910 2865 st
901 2793 959 2855 ab
976 2793 1087 2872 collega

111 2877 241 2938 'litatum
257 2888 332 2940 est.u
361 2879 525 2948 instructis,
548 2880 624 2939 sicut
640 2888 708 2940 ante
727 2879 837 2940 dictum
853 2889 911 2948 est,
933 2877 1117 2939 ordinibus?

125 2978 332 3039 processere
319 2963 349 3022 in
365 2963 468 3022 aciem.
498 2961 622 3024 Manlius
637 2963 756 3043 dextro,
777 2963 883 3024 Decius
897 2961 979 3024 laevo
994 2979 1087 3022 cornu
1174 3006 1176 3010 .

128 3052 274 3123 praeerat.
302 3033 398 3123 primo
421 3047 570 3125 utrimque
590 3048 691 3145 aequis
707 3046 833 3116 uiribus,
855 3045 960 3106 eodem
982 3045 1120 3105 ardores
1210 3123 1212 3126 Ι

129 3127 295 3188 animorum
315 3128 474 3205 gerebatur
494 3148 565 3200 resa
588 3130 695 3190 deinde
718 3129 765 3191 ab
774 3131 857 3190 laevo
871 3146 964 3188 cornu
980 3127 1088 3187 hastati

127 3210 268 3280 Romani,
281 3229 340 3272 non
351 3211 500 3273 serentes
491 3229 706 3294 inpressionem
717 3213 903 3282 Latinorum,-
915 3229 948 3271 se
958 3211 994 3270 ad
1006 3227 1087 3289 prin

128 3311 211 3374 cipes
223 3311 375 3375 recepere
417 3297 449 3357 ιιι
463 3297 519 3357 bac
528 3297 729 3376 trepidatione
743 3293 849 3357 Decius
864 3293 1018 3376 consulll.
1031 3293 1123 3354 Vat-

128 3377 235 3440 lcrium
260 3397 372 3458 magna
387 3397 472 3441 voce
483 3380 636 3442 inclamat:
673 3378 847 3451 (ι,ιοιιιιιί“
871 3371 1004 3458 inquit,
1006 3397 1086 3456 „ope

128 3461 166 3524 ll.
186 3461 298 3562 Valeri,
324 3482 399 3546 opus
421 3474 478 3547 est:
509 3463 650 3543 agedum,
670 3461 963 3544 pontifex-publicus
987 3460 1089 3543 populi
