2546 3936
327 225 503 269 3133111111.
519 226 586 270 331.
603 215 646 270 33.
659 215 703 270 31.
725 206 765 290 [3.
781 210 816 272 O.
831 209 895 293 325]
1065 216 1106 281 85

144 379 275 454 33133133
290 375 543 436 omnium-rerum
564 383 655 446 esset,
676 392 714 436 ne
728 375 803 437 iram
829 377 948 458 quidem
965 385 1105 457 umquam

145 458 322 520 atrociorem
334 458 424 520 luisse
433 460 537 528 ineos,
550 459 601 539 qui
612 460 779 520 temeritate
790 467 877 539 atque
889 463 1005 524 inscitia
1020 467 1104 524 'exer-

145 543 220 602 31133
231 542 410 612 amisissent,
426 561 514 624 quarn
526 549 559 603 ut
572 543 697 622 pecunia
711 561 763 604 eos
776 543 929 607 multaret:
945 547 1104 625 33311333-

144 626 284 706 quisitum
300 625 338 686 ob
360 643 425 698 rem
439 625 518 688 bello
541 626 618 688 male
638 633 751 705 3331313
771 627 807 687 13
823 628 1010 707 imperatore.
1024 629 1106 690 nullo

144 709 182 770 ad
197 727 261 770 eam
272 708 350 770 diem
362 707 437 772 essa.
468 728 546 770 nuno
560 709 685 772 ducibus
699 709 802 790 populi
817 711 960 790 ilomani,
976 731 1052 792 quae
1067 721 1148 774 3318

143 793 228 854 viciis
241 793 360 872 quidem
374 792 453 855 bello
467 793 512 854 133
527 793 630 865 luerit,
645 795 742 873 ,111333
760 803 789 856 31
810 813 930 858 3333133
944 795 1105 858 1131311133

12 926 20 946 ,
132 884 175 952 Ι31
185 877 362 940 iustissimos
375 879 489 938 meritis
505 878 670 957 triumphos
684 880 834 941 intentari.
863 880 934 960 quid
949 881 1027 942 enim
1040 888 1146 940 tan-19

144 961 213 1021 dem
227 978 381 1040 passurum
397 961 487 1023 131333
497 959 592 1032 ¹lilium
606 980 708 1032 suum,
731 963 756 1044 31
772 964 934 1026 exercitum
949 965 1103 1034 amisisset,

145 1046 170 1105 31
189 1044 269 1106 13333
284 1044 401 1124 1333133
416 1046 520 1106 castris
535 1052 639 1106 exutus
655 1045 773 1108 13133311
788 1065 845 1126 quo
859 1047 938 1108 ultra
952 1050 1027 1108 iram
1042 1049 1104 1107 vlo·

143 1128 322 1208 lentiamque
337 1131 400 1190 3133
411 1147 599 1191 excessuram
609 1129 708 1200 luisse,
721 1149 808 1210 quarn
819 1138 853 1192 ut
866 1130 1037 1192 verberaret
1050 1149 1103 1191 ne·

144 1212 304 1292 caretque?
319 1231 406 1292 quam
422 1214 600 1275 conveniens
611 1231 690 1283 3333,
707 1221 830 1293 3133131
846 1214 879 1286 Q.
895 1215 1019 1276 Fabium
1035 1215 1147 1275 3111-20
1190 1282 1193 1290 1

144 1305 234 1358 tatem
247 1297 278 1356 in
296 1293 405 1358 laetitia
419 1297 555 1374 11313113,
574 1295 835 1376 supplicationibus
850 1316 884 1360 ao
902 1297 1104 1376 313131311οηί·

144 1380 200 1442 bus
215 1398 295 1451 esse,
312 1393 389 1451 eum,
402 1387 527 1468 propter
538 1398 627 1460 quem
641 1378 729 1440 deum
745 1378 867 1441 delubra
879 1389 1013 1460 pateant,
1033 1400 1102 1442 3133
1113 1385 1144 1438 21

146 1464 299 1526 sacrifieiis
308 1463 439 1534 iument,
455 1463 570 1525 honore
582 1463 668 1526 donis
679 1462 876 1535 cumulentur,
891 1463 1032 1526 nudatum
1045 1466 1103 1525 vir·

145 1548 194 1628 313
205 1547 327 1610 lacerari
341 1549 372 1607 in
386 1555 546 1628 conspectu
561 1546 816 1628 33331111313331,
839 1550 1002 1610 intuentem
1019 1549 1103 1628 Capi·
1192 1555 1195 1560 '

145 1631 249 1693 lolium
263 1640 350 1712 atque
368 1649 468 1694 arcem
493 1631 623 1712 deosque
644 1632 681 1693 ab
697 1649 729 1694 33
747 1632 861 1694 duobus
884 1631 1004 1712 proeliis
1024 1631 1104 1694 haud

144 1717 253 1777 1133113
269 1716 441 1777 3113331331
456 1735 514 1797 quo
528 1715 559 1778 11
570 1718 668 1778 animo
681 1719 857 1787 exereitum,
874 1718 925 1797 qui
937 1719 1001 1778 eius
1014 1716 1101 1777 13313
1114 1725 1146 1786 22

146 1801 341 1880 auspiciisque
364 1799 663 1871 11313331,131313131
698 1818 787 1880 quem
810 1799 922 1862 luctum
946 1803 976 1862 in
1001 1801 1104 1881 castris

146 1883 300 1955 Romanis,
323 1901 412 1964 quam
435 1882 575 1945 laetitiam
594 1885 673 1948 inter
694 1884 795 1946 hostes
821 1884 902 1946 13131
925 1880 999 1946 haec
1013 1880 1145 1944 simulat

146 1967 280 2044 iurgans,
306 1985 448 2047 querens,
481 1967 568 2030 deum
590 1968 801 2048 hominumque
831 1968 918 2028 iidem
953 1967 1105 2030 obtestans

147 2058 176 2112 et
211 2050 370 2132 conplexus
409 2050 502 2114 lilium
538 2049 673 2132 plurimis
704 2070 771 2113 cum
813 2051 952 2112 lacrumis
989 2050 1103 2130 agebat

144 2135 269 2198 XXXIV.
300 2135 402 2197 Stabat
427 2153 494 2196 eum
514 2154 549 2196 eo
574 2142 693 2196 senatus
713 2137 864 2206 maiestas,
893 2136 975 2196 lavor
993 2133 1131 2214 populi,l

145 2217 336 2282 tribunicium
363 2217 517 2289 auxilium,
550 2220 694 2280 memoria
718 2217 848 2280 absentis
875 2221 1036 2287 exercitum
1067 2225 1133 2278 312

145 2310 230 2383 parte
241 2302 332 2364 altera
342 2303 500 2383 imperium
511 2303 652 2364 invictum
663 2300 764 2382 populi
774 2302 900 2364 itomani
911 2308 941 2362 et
952 2300 1105 2380 d'mciplina

145 2387 191 2446 131
206 2385 339 2448 militaris
353 2395 383 2447 31
398 2386 549 2447 1131313113
561 2385 693 2464 31131313
704 2403 760 2465 313
778 2388 899 2446 numine
914 2403 1033 2466 semper
1051 2384 1103 2445 ob·

146 2477 295 2532 serratum
322 2478 352 2531 et
372 2469 519 2530 illanliana
542 2471 667 2550 imperia
690 2477 719 2530 et
738 2469 905 2548 posthabita
928 2467 979 2530 filii
999 2470 1104 2529 caritas

146 2553 282 2634 publicae
299 2553 417 2616 utilitati
436 2553 630 2615 laetabantur.
661 2553 856 2614 hoeetiamL
879 2553 1018 2623 Brutum,
1035 2557 1132 2613 333-3

147 2636 428 2699 ditorcmllomanae
439 2636 593 2709 libertatis,
605 2645 692 2698 antea
703 2637 734 2697 in
743 2636 857 2698 duobus
869 2635 971 2697 liberis
983 2636 1089 2697 iecisse

146 2739 226 2782 nuuc
236 2728 442 2800 patrescomes
453 2729 483 2783 et
493 2739 579 2783 senes
592 2720 692 2782 iaciles
701 2720 738 2782 13
750 2719 846 2782 alieno
857 2722 982 2801 imperio
994 2727 1104 2800 331313,

123 2805 125 2809 ’
148 2813 297 2885 umquam
312 2806 491 2885 131331133,
504 2804 674 2885 disciplinae
684 2803 820 2866 militaris
833 2822 951 2866 3131333
962 2805 1104 2866 131331311

94 2908 96 2914 ’
147 2890 270 2966 gratiam
285 2889 393 2951 iacere.
421 2906 454 2949 se
471 2895 571 2949 tamen
586 2896 784 2967 perstaturum
797 2890 827 2950 in
845 2891 979 2969 incepto,
996 2907 1051 2949 nec
1069 2889 1133 2958 314

147 2973 198 3050 qui
217 2971 355 3033 adversus
369 2971 480 3033 dictum
494 2991 580 3034 suum
600 2972 726 3036 turbatis
747 2971 940 3052 religionibus
961 2971 1105 3033 33131113

149 3054 288 3130 auspiciis
296 3063 469 3136 pugnasset,
487 3057 643 3136 quicquam
657 3075 693 3118 ex
706 3058 780 3118 iusta
793 3075 888 3136 poena
900 3058 1104 3116 remissurum.

148 3137 285 3199 maiestas
301 3140 417 3218 imperii
432 3148 614 3219 perpetuane
637 3147 728 3211 esset,
751 3157 813 3204 non
827 3157 891 3200 esse
908 3139 939 3198 in
954 3155 1005 3198 sua
1021 3141 1134 3217 pote-5

147 3227 237 3282 state:
260 3220 293 3284 L.
312 3221 462 3303 Papirium
485 3222 558 3286 nihil
579 3223 643 3283 3133
668 3221 903 3290 deminuturum
928 3228 1045 3299 optare,
1067 3223 1135 3280 336

147 3312 277 3385 33133133
291 3306 463 3377 tribunicia,
479 3305 615 3366 inviolata
629 3307 706 3385 ipsa,
722 3303 811 3365 violet
827 3305 1038 3365 intercessione
1054 3321 1105 3364 sua

89 3398 92 3404 '
147 3389 313 3453 Romanum
324 3391 492 3471 imperium,
505 3407 563 3450 neu
575 3387 701 3471 populus
713 3389 782 3449 1333
793 3387 1104 3467 3311331313311131313-
1120 3413 1123 3418 ·

146 3490 210 3536 rem
219 3482 247 3536 et
261 3475 306 3535 ius
320 3474 481 3536 dictaturae
494 3475 653 3554 3111113331.
675 3471 786 3554 quodsi
799 3472 926 3545 iecisset,
938 3489 998 3534 non
1010 3471 1043 3534 L.
1050 3471 1105 3533 Pa·
1118 3476 1134 3525 ⁷
