2538 3946
189 182 251 246 180
385 195 480 238 umas
493 196 525 238 x.
541 194 609 237 cnr.
625 181 670 236 29.
684 180 728 235 30.
748 171 788 255 [c.
806 195 837 236 u.
854 195 880 236 c.
895 171 957 256 459]

189 348 228 408 tis
242 346 374 425 equitum
395 345 484 405 iussis
504 341 541 404 ad
557 342 633 404 latus
649 341 825 404 Samnitium
841 341 1066 403 circumducere
1084 342 1154 418 alas,

189 436 222 492 ut
236 431 324 510 signo
340 429 407 489 dato
431 430 463 489 in
484 434 669 488 transversos
685 432 795 506 quanto
815 428 944 488 maximo
959 436 1081 506 possent
1099 430 1155 489 irn-

188 522 260 595 petu
291 515 496 583 incurrerent,
529 513 639 572 sensim
664 528 733 572 suos
764 511 848 588 signa
872 511 985 571 interra
1015 513 1099 574 iussit
1125 522 1156 573 et

147 603 180 660 10
190 615 378 660 commovere
399 596 525 658 bostem.
562 604 717 676 postquam
746 613 806 656 non
826 595 924 656 resisti
939 595 1011 655 vidit
1030 604 1059 656 et
1073 597 1154 658 baud

188 682 309 744 dubiam
329 681 532 744 lassitudinem
554 697 633 750 esse,
654 686 717 740 tum
738 678 880 741 conlectis
898 679 1037 740 omnibns
1056 679 1153 742 subsi-

188 767 253 838 diis,
272 785 348 848 quae
360 766 396 828 ad
412 766 442 827 id
454 773 570 844 tempus
582 771 797 834 reservaverat,
813 771 843 824 et
853 762 985 842 legiones
998 767 1154 826 concitavit

147 858 175 912 .1
191 859 221 914 et
235 853 351 931 signum
366 850 403 911 ad
414 849 596 912 invadendos
608 849 707 910 hostes
725 847 873 928 equitibus
886 848 975 910 dedit.
1003 851 1152 910 necsusti·

188 943 320 998 nuerunt
333 935 481 996 Samnites
495 935 654 1012 impetum,
671 940 848 1013 praeterque
866 933 958 994 aciem
974 934 1068 1012 ipsam
1084 932 1152 994 Gal·

187 1019 285 1081 lorum
303 1017 416 1080 relictis
430 1020 461 1079 in
478 1017 665 1079 dimicatione
680 1018 767 1078 sociis
788 1017 825 1077 ad
840 1024 935 1078 castra
956 1018 1048 1078 eliuso
1064 1035 1154 1078 cursu

148 1111 181 1162 12
191 1103 375 1165 terebantur.
411 1101 488 1166 Galli
516 1102 664 1163 testudine
689 1101 766 1162 iacta
782 1101 909 1162 conlecti
931 1101 1057 1163 stabant.
1090 1110 1153 1163 tum

188 1186 297 1250 Fabius
317 1186 416 1249 audita
439 1194 536 1249 morte
557 1185 688 1265 collegae
711 1186 927 1266 Campanorum
953 1186 1044 1258 alam,
1067 1187 1153 1266 quin-

190 1280 295 1352 gentos
318 1271 382 1333 lere
402 1272 530 1352 equites,
552 1271 697 1332 excedere
719 1270 783 1332 acie
796 1268 879 1332 iubet
897 1278 927 1331 et
941 1272 1153 1332 circumvectos

148 1363 180 1418 ta
191 1356 228 1417 ab
246 1363 330 1436 tergo
346 1354 487 1418 Gallicam
505 1355 769 1425 invadere'aciema
785 1356 889 1416 tertiae
906 1354 1014 1416 deinde
1028 1354 1153 1432 legionis

188 1439 329 1521 subsequi
346 1442 496 1521 principes
518 1447 562 1511 et,
588 1459 646 1520 qua
668 1439 818 1502 turbatum
840 1457 946 1517 agmen
968 1438 1097 1500 hostium
1111 1441 1153 1500 ri·

148 1533 181 1583 it
192 1524 299 1587 derent
311 1527 425 1604 impetu
440 1526 586 1604 equitum,
608 1525 719 1585 instare
734 1543 769 1584 ac
786 1525 906 1585 territos
927 1523 1062 1584 caedere.
1089 1524 1153 1604 ipse

188 1609 293 1670 aedem
315 1609 377 1669 lovi
398 1610 509 1670 Victori
531 1608 681 1688 spoliaque
702 1608 830 1670 hostium
857 1625 924 1668 cum
949 1610 1088 1679 vovisset,
1116 1609 1153 1670 ad

189 1700 285 1752 castra
299 1693 474 1753 Samnitium
490 1693 635 1771 perrexit,
652 1711 710 1770 quo
727 1690 883 1754 multitudo
901 1693 995 1753 omnis
1021 1700 1153 1754 conster-

148 1782 180 1834 lt
192 1783 258 1838 nata
276 1774 427 1854 agebatur.
456 1775 511 1837 sub
527 1777 592 1854 ipso
607 1775 697 1847 vallo,
719 1776 787 1856 quia
808 1784 919 1838 tantam
934 1776 1152 1839 multitudinem

189 1868 294 1940 portae
312 1877 372 1920 non
388 1877 544 1940 recepere,
567 1867 707 1939 temptata
729 1860 765 1922 ab
788 1860 913 1922 exclusis
928 1861 1015 1922 turba
1030 1879 1152 1922 suornm

146 1948 179 2002 ld
190 1962 290 2025 pugna
306 1951 359 2006 est.
390 1943 431 2004 ibi
446 1943 555 2006 Gellius
569 1944 710 2023 Egnatius
729 1947 891 2026 imperator
909 1945 1083 2006 Samnitium
1105 1963 1152 2006 ce·

189 2028 270 2090 cidit.
307 2027 442 2109 conpulsi
465 2029 572 2090 deinde
596 2030 674 2090 intra
702 2028 809 2090 vallum
831 2031 977 2092 Samnites
1003 2047 1153 2110 parvoque

189 2113 351 2173 certamine
377 2120 461 2192 capta
490 2121 585 2175 castra
611 2120 641 2176 ct
664 2112 741 2175 Galli
765 2113 802 2175 ab
836 2122 919 2192 tergo
948 2116 1152 2196 circumuenti.

148 2202 179 2254 lt
193 2213 277 2257 caeso
302 2214 337 2256 eo
358 2195 406 2256 die
428 2197 557 2258 hostium
581 2199 682 2275 viginti
704 2199 835 2278 quinque
855 2197 950 2268 milia.
974 2205 1040 2258 octo
1056 2207 1151 2279 capta.

146 2284 180 2340 18
191 2297 247 2342 nec
272 2283 427 2342 incruenta
453 2282 574 2342 victoria
610 2282 678 2342 luit:
706 2301 774 2343 nam
797 2301 833 2344 ex
857 2284 890 2344 P.
914 2283 995 2344 Decii
1020 2285 1153 2345 exercitu

188 2382 272 2425 caesa
292 2372 406 2444 septem
436 2365 532 2436 milia,
556 2385 593 2426 cx
607 2366 679 2427 Fabi
702 2365 782 2428 mille
810 2367 999 2446 septingenti.
1045 2366 1153 2428 Fabius

188 2446 317 2509 dimissis
338 2448 376 2509 ad
396 2449 598 2529 quaerendum
620 2449 751 2528 collegae
771 2469 880 2529 corpus
907 2450 1001 2529 spolia
1022 2451 1152 2513 hostium

147 2538 180 2591 19
192 2534 324 2594 coniecta
357 2534 389 2593 in
424 2552 561 2596 acervum
588 2533 659 2593 lovi*
674 2534 786 2595 Victori
818 2537 968 2598 cremavit.
1023 2535 1153 2598 consulis

187 2635 296 2696 corpus
319 2635 354 2677 eo
375 2617 437 2687 die,
457 2619 525 2697 quia
547 2615 685 2678 obrutum
711 2621 901 2699 superstratis
927 2619 1078 2681 Gallorum
1100 2639 1152 2682 cu·

187 2699 275 2762 mulis
308 2707 385 2772 erat,
412 2702 539 2762 inveniri
556 2719 615 2762 non
634 2703 742 2780 potuit;
769 2711 889 2781 postero
927 2705 974 2764 die
1000 2705 1153 2765 inventum

145 2788 179 2842 20
190 2784 375 2863 relatumque
400 2793 445 2846 est
474 2804 541 2845 curn
581 2785 681 2846 multis
710 2785 836 2848 militnm
867 2787 1015 2850 lacrumis.
1059 2790 1152 2850 inter·

187 2867 277 2928 missa
290 2867 359 2927 inde
381 2869 514 2929 omnium
534 2867 655 2930 aliarum
682 2889 783 2932 rerum
800 2890 870 2932 cura
894 2871 1003 2933 Fabius
1021 2873 1153 2952 collegae

161 2950 277 3012 tlunus
291 2953 372 3012 omni
383 2950 497 3012 bonore
511 2951 704 3032 laudibusque
719 2956 832 3016 meritis
848 2956 988 3019 celebrat.
1011 2957 1099 3018 XXX.
1116 2957 1153 3018 Et

187 3037 219 3096 in
242 3035 360 3096 Etruria
384 3054 439 3114 per
460 3036 579 3097 eosdem
602 3037 664 3097 dies
690 3037 726 3099 ab
753 3039 804 3100 Gn.
830 3040 932 3101 Fulvio
958 3047 1153 3120 propraetore

187 3138 237 3180 res
262 3138 299 3180 er
314 3122 459 3181 sententia
478 3129 574 3200 gesta,
598 3130 628 3182 et
647 3129 766 3200 praeter
787 3127 938 3203 ingentem
954 3125 1074 3186 inlatam
1098 3144 1152 3204 po·

186 3203 387 3284 pulatlonihus
402 3223 540 3283 agrorum
565 3205 643 3268 liosti
655 3206 768 3268 cladem
782 3218 944 3287 pugnatum
961 3212 1048 3270 etiam
1065 3226 1152 3288 egre·

159 3289 235 3365 tgie
262 3296 319 3358 est,
345 3289 614 3370 Perusinorumque
642 3299 671 3352 et
696 3292 882 3353 Clusinorum
908 3311 993 3353 caesa
1026 3293 1152 3372 amplius

160 3370 267 3432 3milia
284 3374 337 3432 tria
354 3381 383 3433 et
404 3377 488 3452 signa
515 3376 652 3436 militaria
670 3377 707 3437 ad
723 3377 825 3454 viginti
843 3385 939 3454 capta.
975 3378 1152 3438 Samnitium

189 3470 297 3530 agmen
328 3473 395 3517 cum
430 3476 485 3536 per
512 3457 685 3536 Paelignum
721 3477 825 3538 agrum
850 3459 989 3534 lugeret,
1023 3462 1151 3522 circum·
