2542 3956
301 255 395 297 mana
407 253 498 296 mu.
522 251 590 296 cer.
608 239 651 294 ³2.
666 239 709 294 ³3.
729 228 768 314 [a.
786 233 821 294 O.
836 229 897 314 215]
1020 233 1086 298 353

128 402 259 480 regionis
271 403 332 463 eius
350 400 544 478 praesidium
565 399 775 461 Terentianum
792 401 909 459 mititem
924 399 1082 460 Tarentum

128 488 206 547 mitti
227 502 294 546 cum
322 481 419 563 aliquo
441 483 613 562 legatorum.
661 489 691 544 et
715 482 817 559 rigimi
840 482 968 561 quinque
991 488 1136 542 naveslr

130 569 230 639 datae,
256 567 361 648 quibus
384 585 466 628 oram
487 568 661 628 maritimam
680 567 758 628 iuter
773 565 960 626 Brundisium
978 583 1012 626 ac
1026 565 1082 631 Ta·

129 661 248 712 rentum
267 652 355 712 tutari
380 656 489 731 posset
543 651 732 730 pannariam
761 667 901 710 numerus
924 649 959 720 Q,
979 647 1079 725 Fulvio
1092 655 1129 706 18

130 736 261 814 praetori
287 733 401 796 urbano
432 734 566 796 decretus
589 733 626 794 ad
647 733 815 795 suburbana
843 731 929 794 litora
951 730 1081 792 tutanda.

131 819 164 880 C.
185 819 324 879 Terentio
345 817 514 896 proconsuli
538 819 688 897 negotium
713 817 828 886 datum,
858 823 890 877 ut
916 817 947 876 in
970 816 1078 877 Piceno
1092 821 1129 874 ro

131 919 204 979 agro
218 901 461 980 conquisitionem
482 900 607 962 militum
621 900 745 962 haberet
763 899 893 980 locisque
914 900 960 961 his
971 899 1081 979 praesi-

132 985 181 1045 dIo
198 992 282 1046 esset.
314 991 344 1044 et
354 984 387 1045 T.
401 983 539 1046 Otacilius
553 985 687 1054 Crassus,
707 991 861 1064 postquam
879 983 981 1044 aedem
999 983 1080 1045 lien·
1091 989 1130 1040 to

131 1070 170 1128 tis
185 1070 218 1128 in
240 1066 381 1148 Capitolio
402 1067 558 1138 dedicavit,
581 1070 612 1129 in
634 1067 762 1130 SiciIIam
784 1086 850 1128 eum
871 1067 1010 1146 imperio,
1033 1068 1083 1146 qui

134 1149 221 1212 classi
236 1159 399 1230 praeesset,
418 1152 533 1212 missus.

194 1235 321 1296 XXXIII.
350 1234 384 1294 In
409 1235 487 1294 hanc
508 1233 724 1296 dImicationem
751 1233 875 1295 duorum
897 1233 1109 1314 opulentissI·1

131 1319 297 1379 mommio
320 1319 408 1378 terris
428 1316 603 1397 populorum
622 1335 725 1379 omnes
742 1335 828 1396 reges
843 1323 1003 1397 gentesque
1021 1319 1082 1378 ani-

10 1401 21 1440 l'
131 1419 196 1462 mos
223 1401 424 1470 Intenderant,
451 1402 529 1462 inter
550 1420 623 1482 quos
642 1401 793 1481 PhIIIppus
814 1399 1007 1462 Macedonum
1028 1404 1113 1462 r'exa

14 1485 25 1523 ²³
132 1503 168 1545 eo
183 1486 291 1562 magis,
315 1485 393 1564 quod
407 1486 529 1564 propior
542 1483 640 1547 ltaliae
652 1503 687 1546 ac
701 1486 775 1546 mari
795 1492 908 1546 tantum
923 1483 1006 1545 Ionio
1025 1483 1083 1544 dis·

18 1571 26 1608 i
133 1575 231 1629 cretus
255 1576 326 1629 erat.
379 1570 404 1647 is
424 1567 475 1630 uhi
500 1571 628 1648 primum
658 1568 735 1629 lama
757 1569 868 1647 accepit
888 1566 1083 1629 Hannibalem
1188 1591 1190 1593 ·

20 1655 29 1691 l
132 1651 212 1730 Alpis
226 1659 458 1730 transgressum,
475 1660 508 1712 ut
521 1651 600 1712 bello
616 1653 694 1712 iuter
712 1651 876 1713 Romanum
894 1651 1113 1730 Poenumquct

28 1750 30 1758 ’
133 1743 198 1796 orto
209 1734 332 1796 laetatus
344 1744 421 1806 erat,
439 1737 493 1806 ita,
512 1737 606 1797 utrius
616 1733 716 1814 populi
728 1735 827 1797 mallet
845 1735 996 1795 victoriam
1009 1753 1082 1803 esse,

27 1832 32 1857 1
132 1820 254 1877 incertis
269 1819 365 1878 adhuc
383 1818 493 1879 viribus
510 1819 666 1879 fluctuatus
678 1821 775 1880 animo
793 1820 898 1880 luerat.
930 1826 1114 1898 postquami

29 1907 33 1928 ¹
133 1901 220 1960 tarda
235 1901 294 1961 iam
305 1919 418 1979 pugna,
442 1903 527 1961 tertia
539 1903 659 1962 victoria
678 1920 744 1962 cum
755 1901 862 1962 Poenis
874 1910 951 1972 erat,
972 1901 1009 1964 ad
1024 1903 1084 1962 lor·

28 1970 34 2027 ἶ
133 1991 234 2044 tunam
254 1983 404 2046 inclinavit
422 1983 592 2064 legatosque
605 1983 643 2045 ad
654 1983 847 2044 Hannibalem
863 1985 956 2052 misit;
978 1986 1084 2063 quivi-

10 2064 12 2072 ’
31 2071 35 2110 ³
133 2073 228 2128 tantes
241 2075 344 2147 portus
355 2067 564 2128 BrundisInum
576 2069 839 2146 Tarentinumque,
861 2069 928 2145 quia
945 2067 1084 2129 custodiis

133 2152 250 2210 navium
278 2152 476 2211 Romanarum
507 2149 697 2220 tenebantur,
735 2149 771 2211 ad
804 2151 940 2212 Laciniae
963 2150 1108 2212 Iunonis-

33 2253 37 2263 ·
134 2230 275 2312 templum
300 2235 331 2293 in
352 2241 463 2294 terram
482 2235 592 2311 egressi
613 2240 690 2294 sunt.
722 2234 792 2294 inde
813 2251 867 2313 per
881 2233 1014 2312 Apuliam
1032 2241 1114 2313 pet>

133 2321 228 2374 tentes
250 2315 377 2395 Capuam
404 2315 500 2376 media
527 2319 559 2376 in
585 2316 731 2396 praesidia
752 2317 883 2378 Romana
910 2316 995 2377 inlati
1016 2324 1084 2377 sunt

134 2396 309 2477 deductique
332 2398 368 2460 ad
385 2399 532 2460 Valerium
552 2401 711 2462 Laevqum
738 2409 905 2481 praetorem
933 2403 1011 2462 circa
1025 2401 1083 2462 Lu·

134 2483 242 2543 ceriam
254 2490 349 2543 eastra
361 2482 528 2544 habentem.
556 2483 598 2544 ibi
614 2484 760 2564 intrepide
774 2485 983 2563 Xenophanes,
1004 2484 1083 2562 lega·
1095 2492 1114 2543 6

134 2567 220 2626 tionis
235 2567 386 2646 princeps,
411 2584 426 2626 a
443 2564 578 2646 Philippo
596 2583 666 2644 rege
689 2586 721 2629 se
738 2570 859 2630 missum
874 2570 914 2629 ait
929 2569 964 2629 ad
982 2571 1082 2629 amici-

133 2650 202 2708 tiam
216 2651 442 2730 societatemque
452 2651 629 2729 iungendam
642 2669 708 2711 cum
720 2650 829 2732 populo
840 2651 972 2712 Romano
981 2667 1083 2722 {mau-

35 2755 39 2766 ·
133 2731 199 2792 data
216 2732 326 2793 habere
342 2733 379 2794 ad
399 2734 534 2794 consules
555 2752 589 2795 ac
612 2743 743 2796 senatum
761 2734 960 2815 populumque
975 2735 1082 2797 Roma·

10 2813 30 2874 ff
133 2833 213 2876 num.
250 2824 369 2895 praetor
390 2819 467 2877 iuter
483 2817 663 2878 delectiones
685 2826 816 2880 veterum
840 2820 987 2880 sociorum
1010 2828 1110 2880 novar

36 2907 39 2916 ⁴
133 2901 271 2960 societate
294 2908 352 2962 tam
370 2899 441 2960 clari
459 2903 538 2980 regIs
558 2901 651 2963 laetus
671 2901 827 2964 admodum
844 2903 942 2964 hostes
958 2922 1013 2982 pro
1028 2903 1082 2963 lio·

20 3006 39 3018 =·
129 2981 256 3056 'spitibus
277 2987 400 3044 comiter
421 2988 542 3063 accepIt.
580 2985 629 3046 dat
651 2987 701 3064 qui
727 2995 957 3065 prosequantur,
979 2989 1112 3046 itInara8

35 3103 38 3122 .
133 3081 198 3122 eum
216 3081 286 3123 cura
304 3066 518 3137 demonstrent,
540 3085 613 3145 quae
628 3067 689 3126 loca
709 3088 838 3146 quosque
854 3069 943 3128 saltus
958 3076 1007 3128 aut
1019 3068 1076 3128 Ilo·

133 3163 236 3206 .nanus
258 3155 308 3207 aut
332 3149 432 3208 hostes
460 3156 586 3208 teneant.
633 3150 828 3227 Xenophanes
854 3168 908 3229 per
936 3153 1110 3229 praesidiatt

25 3232 29 3242 ’
132 3229 263 3290 Iiomana
274 3231 305 3289 iu
317 3231 519 3309 Campaniam,
537 3230 607 3291 iude
624 3251 679 3310 qua
692 3235 857 3309 proximum
873 3234 927 3293 luit
942 3236 973 3293 in
986 3244 1080 3296 castra

10 3316 26 3379 ,¹
132 3311 303 3372 Hannibalis
325 3315 469 3392 parvenit,
493 3314 653 3394 foedusque
678 3335 744 3376 cum
768 3335 802 3376 eo
823 3325 909 3396 atque
924 3320 1080 3380 amicitiam

32 3411 36 3458 ;
132 3396 224 3474 iungit
240 3395 354 3474 legibus
369 3397 429 3468 his,
453 3405 485 3458 ut
499 3397 650 3476 PlriIippus
670 3418 722 3459 rex
737 3419 822 3478 quam
843 3403 967 3461 maxima
986 3401 1078 3464 classe
1090 3412 1127 3465 lu

132 3478 324 3543 -ducentas
337 3491 433 3542 autem
451 3499 538 3543 naves
550 3481 701 3544 videbatur
713 3484 914 3546 allecturus-
923 3486 953 3545 ln
968 3486 1081 3551 ltaliam
1170 3505 1172 3510 ’

174 3593 199 3628 r.
219 3595 279 3632 nivi
299 3597 367 3632 rans
387 3598 420 3634 11.
541 3649 544 3656 Ι
700 3585 704 3592 ’
876 3575 915 3636 23
