2542 3956
279 157 281 162 ⁵
300 191 394 234 umba
410 193 487 236 1111.
504 192 572 236 one.
589 182 634 235 tr.
649 181 693 235 48.
710 171 749 256 [a.
769 175 803 236 0.
819 172 879 256 ²16]
1008 179 1071 241 303

113 337 264 403 Gallorum
280 338 536 420 Hispanorumque
555 338 669 420 laevum
692 358 784 402 cornu
800 359 867 401 cnm
889 341 991 403 dextro
1010 341 1068 402 lio·

111 441 201 484 meno
212 424 377 492 concurrit,
393 424 514 484 minime
527 427 670 503 equestris
680 442 763 485 more
779 442 909 502 pugnae:
924 425 1099 486 montibusa

110 507 192 567 enim
212 507 343 568 adversis
364 507 601 568 concurrendum
625 517 702 576 erat,
732 509 801 587 quia
826 507 906 568 nulio
928 511 1005 570 eirca
1032 508 1069 569 ad

110 590 294 668 evagandum
309 590 412 652 relicto
424 592 519 671 spatio
539 590 608 652 binc
625 593 734 663 amnis,
758 591 828 652 binc
846 591 977 671 peditum
992 593 1068 652 acies

109 673 295 736 claudebant.
330 675 362 734 in
380 673 530 735 derectum
553 677 700 755 utrimque
724 677 851 736 nitentes
870 675 1014 737 stantibus
1035 682 1097 736 act

109 756 254 817 confertis
272 765 422 837 postremo
450 757 535 819 turba
558 761 641 838 equis
662 760 706 820 vir
725 761 819 820 virum
844 760 995 840 amplexus
1017 759 1067 819 de·

110 839 247 902 trahebat
268 859 354 921 equo.
388 841 525 920 pedestre
546 860 652 921 magna
674 845 732 904 iam
754 861 791 904 ex
809 851 893 924 parte
918 853 1066 904 certamen

109 925 221 986 factum
242 933 319 994 eram
345 927 442 986 aerius
464 934 562 986 tamen
582 944 671 1007 pam
696 926 803 988 diutius
830 935 991 1006 pugnatum
1013 935 1066 996 est,

108 1007 245 1088 pulsique
265 1007 390 1070 Romani
414 1011 526 1089 equites
553 1018 636 1088 terga
662 1017 788 1072 vertunt.
844 1009 898 1072 sub
924 1011 1098 1090 equestrisa

107 1093 198 1154 finem
216 1093 385 1154 certaminis
399 1101 501 1154 coorta
512 1101 557 1155 est
573 1093 703 1171 peditum
718 1113 830 1174 pugna,
845 1095 943 1174 primo
957 1102 987 1154 et
998 1095 1066 1154 viri·

108 1175 165 1236 bus
180 1184 210 1236 et
224 1177 329 1237 animis
348 1193 417 1254 par,
439 1175 509 1236 dum
529 1177 703 1238 constabant
724 1178 843 1238 ordines
857 1177 947 1239 Gallis
963 1179 1066 1259 Hispa·

108 1262 229 1337 nisque;
246 1259 365 1319 tandem
376 1257 516 1328 Romani,
532 1259 581 1320 diu
594 1278 628 1320 ac
641 1279 729 1340 saepe
741 1263 847 1330 conisi,
866 1280 957 1341 aequa
969 1262 1095 1322 trenaee

109 1344 231 1421 acieque
252 1342 342 1402 densa
367 1342 502 1420 inpulere
527 1343 654 1405 bestium
683 1362 809 1404 cuneum
837 1346 924 1404 nimis
947 1352 1065 1405 tenuem

109 1444 203 1505 eoque
218 1443 322 1504 parum
338 1425 479 1494 validum,
495 1445 512 1487 a
527 1434 624 1488 cetera
639 1429 855 1507 prominentem
869 1430 940 1489 acie.
970 1426 1098 1508 inpulit

108 1511 150 1570 sis
169 1508 276 1570 deinde
298 1527 333 1570 ac
359 1510 473 1588 trepide
501 1511 699 1574 referentibus
719 1511 826 1590 pedem
852 1514 1003 1582 insistere,
1030 1529 1088 1571 ac·
1126 1573 1128 1580 ,

108 1603 212 1654 tenore
224 1611 283 1654 uno
297 1611 352 1672 per
367 1611 509 1674 praeceps
523 1612 631 1673 pavore
648 1595 942 1679 fugientium,agmen
957 1598 988 1656 in
1004 1613 1065 1656 me·

108 1678 186 1738 diam
206 1679 334 1756 primum
354 1677 447 1738 aciem
467 1677 550 1739 inlati
558 1687 727 1765 ‚pestremo
751 1677 830 1741 nullo
855 1681 1010 1740 resistente
1029 1678 1066 1738 ad

107 1761 237 1822 subsidia
251 1762 388 1821 Afrorum
404 1771 616 1839 pervenerunt,
638 1766 689 1843 qui
704 1765 851 1843 utrimque
866 1764 994 1825 reductis
1014 1761 1092 1823 alisi

108 1847 316 1914 constiterant,
341 1845 452 1914 media,
474 1864 531 1925 qna
545 1847 621 1908 Galli
636 1848 816 1926 Hispanique
832 1854 990 1918 steterant,
1014 1846 1065 1907 ali·

107 1937 250 2010 quantum
267 1930 455 2009 prominente
469 1931 541 1990 acie.
571 1933 622 2009 qui
638 1949 748 1992 cuneus
765 1940 796 1991 ut
813 1930 915 2009 pulsus
935 1932 1095 2010 aequante·

107 2014 236 2074 frontem
258 2015 402 2092 primum,
434 2012 502 2074 dein
524 2014 655 2075 cedendo
679 2015 766 2074 etiam
790 2016 886 2074 sinum
909 2016 940 2074 iu
968 2013 1065 2074 medic

107 2097 201 2166 dedit,
220 2097 284 2157 afri
301 2099 379 2157 circa
397 2099 456 2156 iam
472 2114 583 2160 cornua
597 2098 742 2166 fecerant,
760 2097 1004 2177 inruentibusque
1020 2098 1067 2157 in-

108 2188 193 2242 caute
208 2181 240 2240 in
255 2180 385 2242 medium
395 2179 533 2240 Romanis
549 2180 771 2242 circumdedere
783 2179 857 2249 alas;
873 2200 943 2242 mor
954 2198 1064 2241 cornua

108 2263 294 2325 extendendo
311 2263 443 2324 clausere
458 2270 488 2322 et
502 2263 539 2324 ab
555 2269 638 2343 tergo
653 2264 755 2325 hostis.
787 2266 857 2326 hinc
871 2265 996 2325 Romani
1015 2265 1095 2325 de-it

110 2348 201 2408 iuncti
224 2348 400 2426 nequiquam
426 2345 540 2426 proelio
561 2367 635 2418 uno,
667 2349 782 2410 omissis
803 2347 894 2409 Gallis
913 2349 1063 2428 Hispanis·

108 2449 182 2511 que,
198 2449 323 2511 quorum
339 2438 421 2509 terga
434 2430 616 2502 ceciderant,
631 2440 661 2492 et
674 2432 813 2494 adversus
823 2432 909 2493 Afros
919 2433 1063 2510 integram

107 2531 236 2594 pugnam
260 2515 376 2585 ineunt,
403 2533 462 2580 non
486 2521 598 2596 tantum
624 2533 659 2576 eo
686 2517 831 2596 iniquam,
856 2515 935 2595 quod
958 2515 1063 2576 inclusi
1074 2519 1105 2571 ld

108 2598 249 2660 adversus
263 2599 471 2668 circumfusos,
492 2598 651 2660 sedetiam
662 2599 741 2680 qucd
763 2600 833 2662 lessi
848 2617 914 2660 cum
936 2602 1063 2660 recenti-

107 2682 163 2744 bus
177 2700 212 2744 ac
226 2684 335 2759 vegetis
347 2683 526 2763 pugnabant
948 2713 953 2722 ·

166 2766 288 2828 XLVlll.
320 2766 381 2828 Iam
397 2773 427 2829 et
441 2767 559 2828 sinistro
570 2784 664 2828 cornu
677 2766 830 2836 Romanis,
850 2763 901 2827 ubi
915 2767 1062 2829 sociorum
1076 2774 1088 2824 l

107 2853 219 2930 equites
239 2851 378 2913 adversus
395 2849 535 2913 Numidas
554 2857 709 2921 steterant,
729 2858 898 2912 consertum
918 2850 1063 2930 proelium

107 2942 184 3003 erat,
201 2953 291 3013 segne
305 2937 402 3014 prime
416 2944 473 2996 eta
487 2934 598 2996 Punica
611 2943 748 3015 coeptum
768 2933 881 3023 fraude.
911 2931 1091 3014 quingentiz

107 3017 201 3076 ferme
215 3017 374 3090 Numidae,
396 3027 515 3098 praeter
533 3018 618 3081 solita
638 3037 719 3080 arma
739 3018 856 3099 telaque
876 3016 989 3095 gladios
1013 3035 1062 3078 oc·

108 3100 201 3162 cultos
221 3100 275 3162 sub
289 3099 388 3162 loricis
407 3101 565 3173 babentes,
586 3104 684 3181 specie
703 3102 921 3177 transfugarum
941 3117 1008 3162 cum
1025 3099 1061 3160 ab

107 3185 166 3246 suis
188 3201 306 3265 parmas
325 3192 393 3264 post
411 3191 493 3262 terga
520 3183 663 3246 habentes
682 3181 912 3264 adequitassent,
940 3189 1093 3265 repented

108 3287 143 3331 ex
155 3268 238 3350 equis
244 3265 396 3338 desiliunt,
413 3269 580 3348 parmisque
592 3276 621 3328 et
634 3265 736 3328 iaculis
746 3273 814 3328 ante
828 3264 918 3347 pedes
932 3266 1060 3329 bestium

106 3353 245 3432 proiectis
270 3354 301 3414 in
325 3352 452 3414 mediam
475 3352 567 3412 aciem
594 3351 706 3431 accepti
727 3351 864 3431 ductique
887 3350 924 3412 ad
943 3350 1061 3414 ultimos

107 3437 261 3500 considere
280 3436 318 3498 ab
338 3445 422 3516 tergo
442 3433 591 3498 iubentur.
622 3455 657 3497 ae
679 3435 750 3497 dum
764 3433 910 3516 proelium
924 3434 962 3498 ab
979 3436 1064 3497 omni
