2532 3938
306 205 401 248 umus
414 205 469 249 vu.
483 205 551 248 oar.
565 193 608 248 27.
624 191 668 248 28.
684 182 725 267 [a.
738 187 773 248 0.
786 185 924 270 sno-344]
1051 191 1094 258 29

131 365 180 420 tos
195 352 300 415 consul
315 361 383 415 ante
400 365 519 414 cmrum
544 352 729 431 triumphans
751 354 824 431 egit;
846 355 969 416 venditis
986 353 1093 416 deinde

130 455 272 518 magnam
297 438 453 518 pecuniam
474 439 504 497 in
527 438 673 498 aerarium
693 435 818 514 redegit.
852 446 920 498 sunt
940 440 991 518 qui
1017 439 1126 500 banci

129 520 352 585 multitudinem
372 521 515 600 captivam
539 537 691 580 servorum
713 519 802 580 luisse
830 521 975 592 scribant,
1004 522 1094 602 idque

128 607 229 684 magis
246 603 414 666 verisimile
431 614 476 666 est
489 622 578 684 quam
594 602 708 664 deditos
722 605 844 665 vertisse.

196 687 324 752 xxviii
362 687 423 748 llos
443 686 579 748 consules
601 689 695 748 secuti
705 695 774 748 sunt
792 688 829 749 ll.
853 687 961 749 Fabius
981 688 1095 755 Dorsuo
1112 698 1126 748 1

130 773 199 835 Ser.
217 769 365 851 Sulpicius
380 771 561 832 Camerinus.
591 772 762 832 Auruncum
780 771 850 832 inde
863 771 977 833 bellum
995 771 1032 832 ab
1046 790 1094 832 re·

128 857 258 938 pentina
268 855 458 934 populatione
475 861 626 933 coeptum,
641 862 795 934 metuque,
818 873 856 916 ne
869 856 900 917 id
916 856 1026 916 lactum
1039 865 1125 934 po-2

128 939 197 1021 puli
212 939 319 1009 unius,
335 937 490 1001 consilium
502 941 598 1000 omnis
609 940 736 999 nominis
749 939 845 1000 Latini
861 946 953 1009 esset,
969 939 1095 1018 dictator

129 1022 214 1084 velut
236 1022 377 1084 adversus
398 1030 543 1084 armatum
570 1023 629 1084 iam
650 1023 765 1084 Latium
784 1023 817 1084 L.
839 1025 946 1085 Fiuius
967 1030 1093 1084 creatus.

129 1109 308 1185 magistrum
333 1108 464 1186 equitum
484 1106 537 1167 Gn.
566 1105 706 1166 Manlium
731 1105 927 1186 Capitolinum
948 1106 1030 1168 dixit.
1066 1111 1128 1170 eti

130 1209 219 1261 cum,
239 1190 318 1269 quod
333 1208 387 1270 per
405 1207 528 1268 magnos
542 1190 683 1252 tumultus
699 1191 764 1250 lieri
780 1189 898 1252 solitum
912 1198 990 1260 erat,
1011 1190 1095 1251 iusti·

130 1277 174 1335 tio
188 1274 302 1334 indicto
319 1273 443 1334 dilectus
457 1275 521 1335 sine
539 1273 739 1336 vacationibus
756 1274 873 1336 habitus
888 1282 980 1345 esset,
1004 1273 1094 1352 legio·

131 1377 207 1428 nes,
231 1365 373 1436 quantum
395 1359 536 1418 maturari
556 1359 666 1436 potuit,
682 1359 713 1417 in
734 1358 887 1418 Auruncos
909 1357 1023 1418 ductae.
1054 1355 1097 1417 ibi

131 1441 322 1521 praedonum
334 1441 428 1518 magis
438 1458 525 1519 quam
544 1442 672 1502 hostium
687 1443 775 1502 animi
792 1443 917 1510 inventi:
934 1442 1030 1521 prima
1041 1442 1096 1500 ita·

132 1542 194 1606 que
217 1524 280 1584 acie
301 1523 478 1584 debellatum
503 1533 557 1586 est.
594 1525 720 1586 dictator
743 1533 856 1596 tamen,
878 1527 945 1606 quia
968 1531 998 1584 et
1018 1522 1128 1584 ultrot

132 1605 249 1668 bellum
264 1607 423 1685 intrderant
438 1615 467 1668 et
477 1609 540 1668 sine
555 1608 766 1671 detractatione
778 1627 810 1670 se
822 1610 977 1671 certamini
991 1607 1095 1668 ollero·

133 1691 225 1760 bant,
243 1691 366 1752 deorum
383 1710 500 1770 quoque
522 1711 593 1772 opes
613 1691 793 1755 adhibendas
808 1701 889 1756 ratus
908 1695 986 1754 inter
1003 1693 1096 1771 ipsam

136 1775 359 1850 dimicationem
374 1775 478 1836 aedem
492 1775 597 1838 lunoni
612 1777 747 1838 Monetae
761 1779 854 1847 vovit;
877 1779 960 1838 cuius
975 1777 1094 1837 damna·

135 1867 184 1920 tus
200 1860 260 1918 voti
274 1877 342 1919 cum
358 1860 451 1918 victor
468 1859 591 1922 Romam
606 1863 790 1932 revertisset,
805 1861 950 1922 dictatura
966 1878 998 1921 se
1013 1858 1097 1921 abdi·

135 1944 224 2004 cavit.
259 1949 378 2003 senatus
393 1941 563 2005 duumviros
577 1945 614 2005 ad
629 1962 692 2006 eam
708 1945 810 2008 aedom
824 1962 880 2023 pro
902 1942 1095 2022 amplitudine
1108 1949 1126 2000 t

135 2025 240 2106 populi
247 2026 374 2088 liomani
385 2025 549 2088 faciendam
561 2029 657 2089 creari
670 2029 767 2099 iussit;
786 2027 868 2089 locus
881 2029 912 2088 in
923 2044 991 2088 arce
1007 2025 1095 2086 desti·

135 2117 240 2179 natus,
256 2128 331 2189 quae
346 2127 415 2170 arca
430 2109 545 2172 aedium
563 2113 600 2173 tl.
612 2111 701 2194 lllapli
719 2110 874 2191 Capitolini
887 2111 992 2172 luerat.
1024 2115 1127 2170 con-o

135 2192 218 2254 sulas
234 2193 388 2254 dictatoris
403 2195 536 2255 exercitu
551 2195 587 2254 ad
605 2194 716 2257 bellum
731 2194 867 2256 Volscum
882 2196 928 2254 usi
939 2194 1044 2254 Soram
1060 2209 1097 2254 ex

137 2274 288 2346 nostibus,
311 2278 446 2338 incautos
458 2276 569 2348 adorti,
583 2285 734 2356 ceperunt.

203 2360 288 2420 Anno
307 2367 375 2439 post
400 2379 489 2439 quam
509 2369 575 2422 vota
591 2369 655 2422 erat
675 2360 761 2422 aedes
781 2362 916 2423 Monetae
943 2359 1096 2420 dedicatur

138 2443 171 2505 (l.
183 2443 293 2504 Marcio
309 2443 407 2504 Rutilo
421 2445 541 2506 tertium
557 2445 590 2506 Τ.
609 2445 716 2506 Manlio
731 2445 880 2524 Torquato
901 2446 1008 2504 iterum
1025 2460 1095 2502 con·

139 2525 262 2588 sulibus.
301 2527 470 2606 prodigium
491 2527 636 2608 extemplo
660 2529 872 2590 dedicationem
888 2535 1035 2596 secutum,
1058 2527 1127 2586 si-'t

139 2609 210 2671 mile
224 2617 338 2672 vetusto
353 2611 462 2671 montis
478 2611 584 2672 Albani
597 2612 747 2690 prodigio:
764 2631 891 2691 namquo
906 2618 936 2672 et
949 2610 1096 2689 lapidibus

137 2695 213 2773 pluit
229 2702 259 2754 ct
273 2713 333 2755 nox
346 2694 475 2755 interdiu
489 2697 549 2756 visa
570 2697 698 2767 intendi;
717 2696 858 2776 librisque
874 2697 1015 2774 inspectis
1029 2712 1096 2758 cum

138 2777 227 2854 plena
248 2777 391 2854 religione
412 2779 512 2839 civitas
528 2788 624 2856 esset,
650 2782 764 2842 senatui
789 2779 898 2860 placuit
921 2780 1095 2840 dictatorcm

139 2862 281 2922 lanarum
299 2862 572 2924 constituendarum
594 2882 681 2926 causa
696 2864 762 2924 dici.
798 2864 894 2926 dictus
910 2865 943 2926 P.
964 2863 1128 2924 Valerius8

139 2943 305 3015 Publicola,
323 2947 462 3024 magister
477 2949 608 3026 equitum
622 2949 650 3009 ai
665 2949 700 3019 Q.
716 2949 824 3009 Fabius
838 2947 996 3010 Ambustus
1012 2948 1097 3012 datus

141 3033 195 3086 est.
226 3045 286 3088 non
302 3030 397 3092 tribus
413 3039 524 3092 tantum
539 3031 734 3112 supplicatum
749 3034 793 3092 ire
811 3031 936 3111 placuit,
959 3030 1011 3090 sed
1030 3031 1095 3092 lini·

142 3110 229 3173 timos
253 3113 341 3172 etiam
366 3115 506 3193 populos,
533 3116 664 3194 ordoque
678 3117 729 3185 iis,
751 3134 810 3195 quo
826 3117 948 3194 quisque
964 3113 1012 3174 die
1026 3132 1095 3192 sup-

140 3192 298 3272 plicarent,
315 3202 449 3260 statutus.
469 3199 576 3260 iudicia
589 3218 624 3259 co
640 3217 717 3259 anno
729 3197 832 3278 populi
842 3200 936 3258 tristia
951 3199 982 3256 in
994 3197 1095 3258 faene-
1110 3201 1128 3252 o

141 3283 254 3338 ratores
265 3278 351 3350 iacta,
365 3280 469 3360 quibus
477 3283 514 3344 ab
521 3281 663 3343 aedilibus
670 3281 747 3343 diota
754 3281 817 3340 dies
825 3288 916 3350 essct,
929 3280 1095 3351 traduntur.

140 3369 170 3422 et
188 3379 237 3423 res
260 3363 339 3427 baud
362 3364 421 3427 ulla
445 3368 555 3445 insigni
580 3366 616 3426 ad
640 3367 815 3426 memoriam
839 3382 926 3426 causa
942 3363 988 3425 'ad
1004 3365 1096 3425 inter·

140 3461 265 3526 regnum
281 3448 366 3510 redit.
400 3469 437 3510 ex
450 3451 638 3528 interregno,
657 3457 690 3511 ut
709 3448 739 3509 id
759 3455 856 3510 actum
879 3449 1140 3527 videriposset10
