2542 3956
206 159 268 222 286
379 175 472 218 arana
485 174 563 217 xxrr.
579 173 648 216 oar.
664 161 708 217 27,
723 159 767 215 28.
784 153 823 239 [a.
834 173 865 216 n.
881 175 907 216 o.
919 151 994 234 5371‘

178 328 269 382 atum
285 323 385 401 utique
406 320 553 382 inmodice
568 321 791 401 inmodesteque
813 337 873 394 non
888 319 1052 382 Hannibale
1072 323 1170 401 magis

176 407 282 465 evicto
297 405 334 466 ab
346 423 378 467 se
393 423 480 485 quarn
496 402 530 474 Q.
547 402 638 465 rabro
656 403 789 482 gloriari:
806 403 888 464 illum
903 405 934 464 in
949 403 1038 465 rebus
1054 407 1171 482 asperis

207 489 327 550 unicum
347 489 452 550 ducem
473 505 507 548 ac
527 505 629 567 parem
650 489 813 566 quaesitum
830 485 1002 558 Hannibali,
1022 489 1171 549 maiorem

207 574 329 642 minori,
344 572 517 632 dictatorem
528 573 668 650 magistro
680 573 827 650 equitum,
844 571 922 650 quod
935 569 1013 631 nulla
1023 573 1172 632 memoria

208 653 315 716 habeat
331 653 494 722 annalium,
516 657 598 716 iussu
621 653 722 735 populi
743 661 898 734 aequatum
917 655 948 713 in
969 654 1074 716 eadem
1097 657 1171 714 cisi·

207 746 281 810 tate,
302 741 334 798 in
350 758 407 817 qua
423 739 556 816 magistri
571 739 701 818 equitum
722 739 819 816 virgas
833 755 867 798 ac
882 755 1001 798 secures
1016 738 1174 799 dictatoris

181 831 199 880 4
211 830 339 882 tremere
353 831 440 901 atque
454 823 581 883 horrere
596 821 675 883 soliti
690 823 762 882 sint:
774 829 887 882 tantum
898 839 981 882 suom
996 819 1172 882 felicitatem

207 907 403 985 virtutemque
414 905 562 966 enituisse.
595 922 666 983 ergo
681 912 851 966 secuturum
862 923 894 964 se
909 904 1059 965 loctunam
1075 922 1171 974 suam,

207 991 233 1048 si
247 989 371 1048 dictator
385 989 416 1046 in
432 989 617 1048 cunctatione
632 1006 667 1048 ac
681 990 805 1066 segnitie
815 987 939 1048 deorum
954 987 1173 1066 hominumque

179 1078 196 1128 a
207 1071 315 1132 iudicio
327 1071 462 1132 damnata
473 1075 627 1148 perstaret.
650 1073 749 1151 itaque
760 1090 818 1151 quo
830 1071 877 1132 die
886 1072 1015 1151 primum
1027 1087 1172 1149 congres-

208 1172 257 1214 sus
279 1162 324 1214 est
345 1173 412 1214 cum
435 1153 469 1225 Q.
484 1154 590 1223 Fabio,
613 1155 800 1216 statuendum
822 1157 952 1215 omnium
974 1155 1111 1234 primum,
1133 1156 1174 1214 ait

181 1243 287 1307 desse,
310 1238 448 1317 quemad
465 1238 585 1298 modum
600 1239 725 1316 imperio
740 1246 864 1319 aequato
878 1245 1012 1300 utantur:
1033 1255 1066 1298 se
1083 1245 1172 1316 optu-

208 1339 288 1381 mum
303 1321 426 1391 ducere,
443 1328 492 1382 aut
506 1321 609 1382 diebus
626 1321 746 1382 alternis
763 1330 826 1392 aut,
849 1322 874 1382 si
890 1322 1001 1382 maiora
1014 1320 1173 1381 intervalla

207 1403 374 1483 placerent,
401 1405 517 1484 partitis
538 1404 720 1485 temporibus
740 1404 859 1466 alterius
880 1423 1026 1466 summum
1047 1406 1095 1465 ius
1114 1405 1172 1464 im·

180 1495 196 1543 '1
209 1489 382 1568 periumque
394 1505 472 1558 esse,
490 1494 523 1548 ut
539 1506 593 1566 par
606 1489 685 1548 hosti
701 1505 761 1549 non
773 1488 896 1550 consilio
910 1489 1019 1557 solum,
1035 1488 1089 1549 sed
1100 1488 1172 1547 riri-

208 1569 264 1631 bus
277 1572 364 1630 etiam
384 1577 477 1639 esset,
497 1573 523 1632 si
537 1589 625 1650 quam
642 1573 827 1634 occasionem
846 1573 892 1632 rei
911 1570 1059 1649 gerendae
1074 1570 1172 1632 habu-

181 1655 287 1712 8isset.
320 1653 353 1724 Q.
365 1653 457 1714 Fabio
467 1653 692 1733 haudquaquam
703 1654 734 1714 id
750 1655 884 1734 placere:
902 1656 1000 1716 omnia
1012 1656 1092 1715 enim
1108 1654 1171 1715 lor·

207 1742 309 1795 tunam
321 1735 466 1806 habitura,
480 1754 694 1817 quamcumque
702 1741 855 1809 temeritas
862 1738 1002 1816 conlegae
1008 1737 1170 1798 habuisset

207 1817 263 1879 sibi
288 1821 536 1880 communicatum
555 1837 622 1882 cum
644 1819 716 1893 alio,
739 1840 799 1881 non
821 1823 988 1902 ademptum
1008 1822 1171 1900 imperium

182 1908 199 1959 9
211 1919 289 1962 esse:
309 1903 407 1982 itaque
419 1903 869 1985 senumquamvolentempartc,
883 1923 939 1986 qua
945 1912 1052 1985 posset,
1066 1923 1190 1966 rerums

207 1984 330 2046 consilio
343 1989 539 2064 gerendarum
549 2005 716 2059 cessurum,
730 2006 784 2048 nec
795 1997 971 2069 setempora
984 1987 1104 2048 autdies
1115 1990 1172 2048 im-

207 2070 284 2145 perii
312 2086 379 2128 cum
406 2088 453 2140 eo,
486 2073 646 2140 exercitum
673 2071 850 2143 divisurum,
879 2073 997 2151 suisque
1029 2071 1170 2138 consiliis,

170 2158 201 2210 10
212 2152 349 2231 quoniam
361 2155 459 2213 omnia
476 2171 536 2214 non
550 2154 665 2225 liceret,
682 2173 757 2234 quae
772 2163 886 2233 posset,
904 2161 1099 2216 servaturum.
1130 2157 1171 2216 ita

211 2235 349 2312 optinuit,
366 2241 398 2296 ut
412 2235 557 2314 legiones,
578 2240 655 2298 sicut
668 2237 838 2300 consulibus
853 2257 918 2300 mos
933 2245 1023 2309 esset,
1042 2239 1124 2298 inter
1139 2257 1172 2298 se

209 2317 382 2379 dividerent,
427 2322 523 2398 prima
545 2328 573 2382 et
594 2327 698 2401 quarta
714 2321 859 2393 Minucio,
881 2322 1010 2382 secunda
1033 2329 1062 2381 et
1083 2323 1173 2382 tertia

169 2408 197 2458 11
212 2399 303 2461 Fabio
318 2411 494 2471 evenerunt3
515 2405 587 2464 item
603 2407 716 2484 equites
730 2406 795 2484 pari
813 2423 937 2466 numero
952 2407 1125 2484 sociumque
1143 2412 1173 2465 et

208 2485 304 2544 Latini
326 2487 453 2546 nominis
472 2486 578 2548 auxilia
598 2486 765 2548 diviserunt
806 2489 911 2550 castris
931 2507 1049 2569 quoque
1069 2506 1103 2548 se
1122 2508 1172 2551 se-

209 2569 308 2648 parari
323 2571 463 2646 magister
477 2570 607 2650 equitum
619 2570 717 2631 voluit.

182 2657 194 2707 l
269 2651 393 2714 xxviii.
425 2652 537 2732 Duplex
551 2651 937 2732 indeHannibaligaudium
953 2655 1007 2715 luit
1021 2689 1057 2701 -
1070 2672 1172 2734 neque

210 2735 288 2793 enim
303 2737 457 2814 quicquam
474 2755 591 2806 eorum,
608 2755 683 2816 quae
698 2737 775 2815 apud
791 2739 890 2799 hostes
904 2744 1076 2816 agerentur,
1100 2756 1172 2800 eum

209 2813 330 2874 fallebat
350 2823 380 2876 et
402 2819 533 2896 perfugis
554 2818 645 2881 multa
670 2820 868 2882 indicantibus
889 2829 919 2881 ct
943 2839 998 2900 per
1023 2839 1093 2882 suos
1117 2839 1171 2882 ex·

181 2899 374 2978 eplorantem
394 2921 447 2960 -ε
463 2918 531 2960 nam
547 2909 576 2960 et
590 2901 712 2964 liberam
728 2905 837 2965 Minuci
857 2907 1052 2965 temeritatem
1067 2923 1100 2966 se
1114 2923 1170 2966 suo

209 2982 297 3044 modo
311 2990 494 3063 captaturum
510 2991 540 3044 et
559 2983 705 3046 sollertiae
720 2987 802 3048 Fabii
822 2987 973 3048 dimidium
993 2989 1100 3050 virium
1117 2989 1170 3049 de·

183 3075 199 3126 3
212 3067 342 3128 cessisse.
376 3067 505 3130 tumulus
520 3075 584 3128 erat
604 3071 684 3130 inter
702 3078 796 3132 castra
810 3072 930 3132 Minucii
945 3079 974 3132 et
988 3073 1168 3133 Poenorum.

210 3169 297 3230 quem
318 3152 368 3231 qui
385 3159 570 3232 occupasset,
597 3152 675 3226 haud
697 3153 785 3214 dubie
807 3156 983 3234 iniquiorem
1005 3164 1068 3217 erat
1089 3156 1170 3216 hosti

181 3233 305 3295 elocum
332 3235 471 3297 lecturus.
515 3255 582 3296 eum
607 3255 667 3296 non
699 3245 759 3297 tana
785 3256 891 3317 capere
917 3241 980 3298 sine
1005 3241 1168 3300 certamine

210 3315 326 3376 volebat
349 3317 509 3388 Hannibal,
539 3337 715 3399 quamquam
745 3321 774 3379 id
802 3339 909 3398 operae
937 3324 1066 3401 pretium
1093 3330 1166 3392 erat,

212 3413 300 3472 quam
313 3415 429 3459 causam
441 3401 608 3460 certaminis
618 3419 684 3463 cum
695 3403 836 3473 ltlinucio,
853 3421 940 3483 quem
952 3423 1167 3484 procursurum
