2546 3936
319 171 413 246 nnana
424 203 493 246 vrn.
510 201 580 248 oua.
597 189 638 245 19.
651 181 691 266 [a.
704 185 739 248 O.
754 191 814 248 331.
830 184 891 270 8³0]
1043 191 1085 257 69

124 365 280 419 uteorum
298 351 475 434 populorum
503 351 611 414 fluibus
630 353 687 414 vim
716 351 911 424 abstinerent3
938 355 1082 437 valuitque

125 439 296 518 coniugatio,
313 444 449 498 nontam
465 437 532 516 quia
546 454 649 515 pacem
666 436 803 499 volebant
819 438 978 512 Samnites,
996 459 1084 520 quam

124 526 192 604 quia
208 522 339 584 nondum
354 522 448 601 parati
463 529 549 581 erant
563 521 599 581 ad
617 519 736 582 beilum.

185 607 296 668 Eodem
325 622 403 666 anno
427 604 582 666 Privernas
610 603 719 666 beilum
749 607 870 677 initum,
903 608 985 668 cuius
1012 609 1115 670 sociis

124 691 273 761 Fundani,
293 688 352 750 dur
368 690 455 750 etiam
476 687 532 748 fuit
547 687 706 750 Fundanus
721 689 870 751 Vitrubius
891 689 1018 763 Vaccus,
1039 691 1083 752 vir

124 793 185 837 non
207 774 286 834 domi
307 772 417 842 solum,
437 770 592 834 sedetiam
614 772 724 833 Romae
749 773 856 835 clarus.
891 774 978 835 aedes
999 774 1083 837 fuere

123 861 155 919 iu
173 856 285 919 Palatio
301 859 379 927 eius,
395 873 471 936 quae
485 857 572 917 Vacci
588 863 672 934 prata
691 856 789 918 diruto
804 857 1082 937 aedificiopubiica-
1147 923 1152 932 ,

124 950 213 1022 toque
229 940 292 1002 solo
306 939 459 1020 appellata.
496 938 635 1002 adversus
649 940 728 1001 hunc
744 950 902 1003 vastantem
922 941 1012 1004 eiiuse
1029 943 1113 1004 Set

123 1028 218 1088 tinum
233 1025 463 1104 Norbanumque
480 1032 509 1083 et
530 1023 676 1086 caranum
697 1043 800 1104 agrum
816 1026 848 1086 t.
866 1027 999 1104 Papirius
1014 1043 1081 1106 pro·

123 1110 219 1171 iectus
236 1107 314 1170 haud
329 1108 434 1187 procul
451 1109 556 1169 castris
572 1110 635 1169 eius
651 1109 792 1170 consedit.
826 1109 958 1171 Vitrubio
981 1127 1036 1170 nec
1051 1117 1115 1171 utu

123 1193 198 1254 valio
213 1212 245 1256 se
259 1200 375 1254 teneret
389 1191 528 1254 adversus
544 1190 714 1254 validiorem
729 1193 845 1255 hostem
860 1211 929 1254 sana
946 1201 1081 1254 constare

123 1295 223 1348 mens,
250 1294 305 1337 nec
326 1284 359 1338 ut
380 1275 497 1354 longius
518 1279 653 1338 acastris
676 1276 960 1338 dimicaretanimus
974 1277 1081 1356 subpe-

123 1369 197 1422 tere.
236 1362 282 1420 vix
310 1367 369 1420 tota
398 1367 479 1421 extra
504 1367 618 1439 portam
651 1367 814 1422 castrorum
843 1359 984 1440 explicatu
1009 1361 1112 1432 aciei

124 1444 224 1521 iugum
239 1445 332 1520 magis
354 1451 434 1504 retro
455 1460 543 1524 quam
565 1443 711 1523 proelium
727 1453 778 1506 aut
799 1445 913 1505 hostem
931 1451 1081 1523 spectante

125 1526 233 1596 milite,
257 1528 320 1588 sine
341 1526 478 1596 consilio,
501 1530 565 1589 sine
586 1529 706 1591 audacia
729 1529 887 1608 depugnat.
923 1535 956 1590 ut
976 1536 1006 1589 et
1027 1527 1115 1588 teus

124 1620 347 1681 momentonea
364 1611 500 1690 ambigue
528 1620 572 1674 esi
591 1614 699 1682 victus,
720 1615 760 1673 ita
775 1612 925 1674 brevitate
940 1614 1003 1692 ipsa
1026 1611 1083 1672 ioci

123 1694 259 1775 facilique
276 1703 397 1774 receptu
415 1695 447 1755 iu
463 1705 521 1758 tarn
535 1699 699 1778 propinqua
715 1705 810 1758 castra
827 1697 905 1757 haud
920 1713 1008 1774 aegre
1028 1696 1082 1756 mi·

122 1779 204 1840 litem
219 1797 235 1838 a
250 1777 340 1840 multa
356 1779 448 1840 caede
459 1787 503 1841 esi
516 1788 642 1851 tutatus;
660 1799 715 1842 nec
729 1781 792 1842 iero
808 1783 961 1860 quisquam
973 1781 1004 1839 in
1020 1782 1082 1859 ipso
1097 1785 1114 1838 9

123 1864 301 1932 certamine,
324 1865 409 1942 pauci
426 1864 457 1924 in
474 1863 563 1926 turba
584 1865 670 1944 fugae
686 1873 834 1926 extremae
857 1882 923 1924 rum
940 1865 970 1924 in
987 1873 1082 1924 castra

123 1954 246 2008 ruerent
262 1949 356 2015 caesi;
372 1948 533 2028 primisque
548 1949 679 2009 tenebris
692 1949 866 2010 Privernum
878 1946 946 2008 inde
958 1949 1082 2025 petitum

124 2031 241 2108 agmine
256 2030 387 2109 trepido,
405 2039 438 2091 ut
454 2033 546 2092 muris
561 2035 658 2112 potius
675 2051 763 2112 quam
778 2030 853 2094 vallo
870 2049 934 2092 sese
950 2038 1082 2091 tutaren-

122 2121 181 2176 tur.
213 2132 228 2173 a
249 2114 391 2175 Priverno
406 2113 536 2176 Plautius
558 2115 633 2177 alter
655 2115 758 2177 consul
779 2116 951 2194 pervastatis
974 2117 1081 2193 passim

124 2199 204 2275 agris
223 2198 390 2277 praedaque
418 2197 519 2260 abacta
548 2198 581 2259 in'
601 2216 703 2276 agrum
727 2199 900 2260 Fundanum
921 2201 1082 2259 exercitum

124 2280 246 2342 inducit.
275 2281 454 2360 ingredienti
475 2284 550 2344 flues
570 2289 689 2343 senatus
703 2282 912 2343 Fundanorum
933 2283 1079 2348 occurrit;
1093 2287 1125 2339 lo

45 2396 48 2436 J
125 2373 248 2440 negant,
272 2382 303 2424 se
318 2383 374 2444 pro
389 2366 522 2428 Vitruhio
539 2375 706 2446 sectamque
729 2369 791 2428 eius
806 2366 913 2427 secutis
930 2373 1081 2443 precatum

128 2448 253 2517 venisse,
283 2447 332 2510 sed
357 2467 412 2528 pro
433 2451 575 2512 Fundano
597 2449 720 2529 populo,
749 2467 836 2530 mem
861 2457 943 2510 extra
966 2447 1081 2528 cuipam

127 2529 196 2591 aelii
217 2548 280 2592 esse
300 2534 396 2612 ipsum
416 2533 582 2596 Vitrubium
596 2533 752 2605 iudicasse,
776 2551 842 2594 cum
862 2531 1081 2612 receptaculum

124 2613 211 2692 fugae
225 2615 398 2678 Privernum
413 2617 563 2687 habuerit,
579 2635 638 2678 non
652 2621 776 2698 patriam
792 2617 919 2678 Fundos.
947 2616 1081 2676 Priverni
1093 2621 1122 2672 11

123 2699 214 2777 igitur
231 2696 331 2760 hostes
347 2701 448 2780 popuii
465 2701 589 2762 Romani
606 2703 790 2781 quaerendos
804 2699 1082 2782 persequendosque

124 2801 203 2852 esse,
219 2785 269 2862 qui
284 2785 370 2844 simui
387 2804 403 2845 a
422 2785 570 2846 Fundanis
585 2803 619 2845 ac
634 2786 787 2857 Romanis,
803 2787 955 2866 utriusque
970 2786 1082 2866 patriae

123 2869 318 2937 inmemores,
342 2867 519 2937 deiecerint;
542 2868 691 2929 Fundanis
712 2887 814 2949 pacem
837 2887 902 2931 esse
926 2870 1083 2931 etanimos

123 2949 272 3010 Romanos
292 2958 323 3010 et
348 2961 461 3027 gratam
481 2955 660 3018 memoriam.
669 2963 807 3033 acceptae
827 2955 959 3014 civitatis.
997 2960 1125 3013 orareli

124 3049 157 3092 sa
172 3031 337 3102 consulem,
348 3043 382 3094 ut
397 3035 505 3097 beilum
521 3034 558 3096 ab
569 3036 689 3097 innoxio
700 3037 809 3116 populo
821 3037 979 3098 abstineat:
996 3051 1083 3113 agros

125 3114 232 3177 urbem
248 3133 374 3193 corpora
398 3119 528 3197 ipsorum
551 3121 767 3201 coniugumque
786 3139 820 3182 ac
835 3119 997 3180 iiberorunt
1015 3135 1082 3179 suo·

123 3217 191 3261 rum
206 3200 237 3260 in
258 3209 402 3278 potestate
421 3201 520 3283 populi
535 3203 662 3265 Romani
682 3223 747 3266 esse
764 3204 929 3284 futuraque.
964 3201 1125 3263 coniau-lt

124 3282 201 3344 datis
216 3282 367 3346 Fundanio
382 3286 486 3348 consul
500 3287 663 3367 litterisque
682 3288 805 3349 Romam
824 3287 921 3347 missis
940 3289 971 3346 in
986 3287 1083 3346 oiiicio

123 3365 283 3432 Fundanos
298 3385 364 3430 esse
375 3368 412 3429 ad
425 3371 597 3434 Priuernum
612 3372 693 3433 ilerit
706 3373 773 3433 iter.
803 3371 886 3450 prius
900 3368 1083 3432 animadver-

124 3467 191 3513 sum
211 3453 243 3512 in
260 3469 326 3524 eoa,
350 3454 515 3534 quicmita
536 3456 747 3516 coniurationis
766 3455 898 3525 fuerant,
922 3453 1082 3537 aconeuie
