2538 3946
199 215 262 278 162
358 229 453 273 ornan
466 231 497 270 x.
515 227 583 272 osa.
601 217 643 270 14.
660 216 700 272 15.
716 205 757 290 [a.
771 231 802 271 u.
820 229 847 270 c.
861 215 924 271 457.
938 195 1023 289 458]’

156 383 191 437 1o
201 377 402 458 praebuerunt
419 377 551 437 terroris.
587 375 694 437 Fabius
708 375 760 436 ubi
779 374 858 436 nrrlla
881 393 918 435 ex
936 349 1020 454 parib
1040 373 1162 440 bostem

199 461 265 522 loco
282 463 393 522 moveri
407 461 492 531 vidit,
515 461 672 521 blanimum
687 460 779 520 illium
799 467 828 520 et
846 459 883 518 bi.
898 458 1046 518 Valerium
1063 458 1159 520 tribu·

200 563 254 606 nos
268 545 408 614 militum,
430 563 497 606 cum
516 544 621 623 quibus
642 544 678 603 ad
700 545 825 622 primam
845 543 937 602 aciem
955 551 1158 620 procurreret,

158 635 188 686 11
200 629 246 689 ire
266 629 303 690 ad
320 631 432 708 equites
449 628 532 687 iubet
546 635 575 687 et
594 627 760 697 adhortari,
781 634 830 697 ut,
846 627 1002 704 siquando
1017 645 1161 704 umquam

200 714 330 791 equestri
344 730 400 791 ope
418 712 546 772 adiutam
564 710 793 788 rempublicam
814 712 1019 778 meminerint,
1042 709 1093 769 illo
1109 710 1160 770 die

198 796 382 864 adnitantur,
401 801 434 854 ut
455 795 567 855 ordinis
596 795 658 853 cius
684 793 806 870 gloriam
831 795 969 852 inuictam
989 801 1158 871 praestent.

156 879 331 958 inpeditum
346 879 507 938 certamine
518 875 689 937 inmobilem
704 877 818 937 hostem
832 885 960 945 restare,
978 893 1097 936 omnem
1108 893 1159 936 rc·

198 960 309 1040 liquam
327 979 409 1040 spem
424 962 454 1019 in
469 962 580 1038 impetn
597 977 661 1020 esse
676 963 815 1040 equitum.
846 968 875 1019 et
887 961 967 1038 ipsos
982 960 1159 1026 nominatim

198 1046 335 1113 iuvenes,
360 1044 426 1122 pari
447 1047 583 1103 comitate
601 1050 772 1122 utrumqne,
798 1061 877 1103 nunc
902 1042 1052 1113 laudibus,
1077 1060 1160 1105 nunc

155 1132 189 1184 13
199 1127 352 1206 promissis
367 1133 479 1187 onerat.
507 1133 638 1187 ceterum
656 1125 772 1206 qnando
787 1125 824 1164 *¹*
834 1143 872 1185 nc
884 1143 919 1185 ea
931 1144 1047 1204 quoque
1062 1133 1160 1204 temp·

198 1217 257 1270 tata
277 1211 320 1275 vis
339 1210 515 1288 proliceret,
541 1209 664 1270 consilio
701 1208 908 1286 grassandum,
936 1211 962 1268 si
985 1209 1058 1269 nilril
1080 1211 1159 1270 vires

155 1299 190 1351 14
197 1294 347 1363 iuvarent,
365 1301 460 1364 ratus,
476 1293 644 1372 Scipionem
658 1292 785 1371 legatum
796 1292 925 1353 hastatos
942 1295 1054 1370 primae
1065 1291 1158 1370 legio·

198 1378 244 1436 nis
258 1375 432 1437 subtrahere
447 1395 483 1437 ex
497 1379 560 1437 acie
575 1385 604 1438 et
618 1376 655 1438 ad
669 1379 777 1446 montis
790 1377 941 1455 proximos
952 1394 1040 1454 quam
1057 1385 1160 1454 posset

199 1460 395 1521 occultissime
416 1460 638 1521 circumducere
660 1459 756 1528 iubet;
781 1459 850 1519 inde
877 1477 1000 1519 ascensu
1026 1459 1159 1521 abditoa

199 1552 359 1623 conspectu
374 1544 490 1620 erigere
509 1545 541 1602 in
559 1551 675 1604 montes
692 1560 816 1620 agmen,
841 1559 1001 1621 aversoque
1021 1541 1100 1602 hosti
1120 1542 1158 1604 ab

157 1632 190 1683 lo
201 1637 286 1703 tergo
299 1636 423 1704 repente
437 1645 469 1686 se
481 1627 647 1687 ostendere.
676 1629 788 1705 equites
803 1625 927 1686 ducibus
942 1626 1067 1687 tribunis
1078 1625 1158 1687 baud

200 1708 293 1769 multo
311 1708 378 1787 plus
399 1707 533 1768 hostibus
555 1727 643 1787 quam
662 1710 723 1769 suis
743 1727 780 1769 ex
805 1711 963 1787 improviso
988 1719 1055 1770 ante
1073 1711 1157 1787 signa

159 1797 191 1850 to
203 1794 296 1852 evecti
315 1791 515 1868 praebuerunt
539 1791 689 1852 tumultus.
730 1791 869 1853 adversus
889 1794 1023 1853 incitatas
1044 1801 1158 1854 turmas

200 1875 282 1934 stetit
292 1875 404 1934 inmota
415 1874 589 1935 Samnitium
601 1877 692 1946 acies,
710 1892 766 1936 nec
776 1884 860 1954 parte
873 1875 931 1936 nlla
942 1876 1073 1954 palliant
1087 1895 1157 1956 per·

201 1959 300 2037 rumpi
315 1959 425 2036 potuit;
442 1965 471 2018 et
485 1967 638 2039 postquam
653 1961 774 2020 inritum
785 1962 935 2039 inceptum
950 1967 1027 2029 erat,
1043 1961 1158 2038 recepti
1262 1999 1263 2006 κ

158 2046 190 2098 17
202 2049 269 2120 post
283 2043 365 2118 signa
386 2041 498 2120 proelio
518 2050 716 2105 excesserunt.
742 2045 834 2102 crevit
848 2061 884 2102 ex
898 2061 933 2103 eo
954 2043 1082 2104 bostium
1094 2045 1157 2104 ani·
1261 2069 1262 2080 ¹

200 2143 276 2194 mus,
294 2143 350 2184 nec
365 2128 510 2186 sustinere
526 2126 608 2186 frons
622 2127 718 2204 prima
733 2133 792 2185 tam
810 2125 931 2204 longum
947 2135 1096 2187 certarnen
1110 2128 1156 2188 in-

202 2216 444 2286 crescentemque
458 2208 564 2270 liducia
580 2210 626 2269 sui
640 2211 698 2270 rim
712 2210 870 2288 potuisset,
887 2211 918 2268 ni
935 2210 1064 2269 secunda
1079 2211 1157 2272 acics

157 2293 283 2352 telussu
300 2289 428 2351 consulis
442 2293 474 2352 in
488 2293 618 2371 primurn
632 2293 829 2354 successisset.
860 2291 902 2352 ibi
923 2294 1056 2370 integrae
1079 2295 1157 2354 sires

200 2376 308 2435 sistunt
319 2375 507 2437 invehentem
527 2393 559 2436 se
577 2378 635 2436 iam
653 2377 827 2444 Samnitem,
850 2382 879 2435 et
896 2378 927 2436 in
946 2384 1080 2455 tempore
1095 2379 1157 2437 risa

200 2475 237 2518 ex
258 2457 408 2518 montibus
428 2461 511 2537 signa
531 2457 700 2538 clamorque
718 2458 849 2519 sublatus
870 2476 930 2519 non
952 2478 1020 2519 vero
1042 2468 1157 2520 tanturn

157 2546 190 2601 to
199 2549 281 2602 motu
295 2550 430 2602 terruere
445 2543 619 2602 Samnitium
634 2544 756 2602 animos.
786 2559 854 2602 nam
868 2551 898 2602 et
912 2541 1019 2602 Fabius
1033 2544 1156 2604 Decium
1246 2571 1255 2623 ‚¹

201 2624 343 2702 collegam
354 2624 591 2704 adpropinquare
606 2625 786 2694 exclamavit,
802 2632 832 2685 et
848 2643 904 2704 pro
919 2645 951 2688 sc
965 2627 1089 2704 quisque
1100 2629 1156 2687 mi·

199 2707 242 2767 les
256 2709 358 2769 adesse
375 2707 499 2769 alterum
513 2708 677 2778 consulem,
703 2708 806 2769 adesse
821 2709 957 2786 legiones
971 2709 1077 2788 gaudio
1096 2709 1156 2771 ala·

156 2795 191 2848 20
202 2807 268 2848 cres
284 2791 428 2859 tremunt:
450 2810 593 2870 errorque
612 2791 692 2853 utilis
705 2791 845 2852 Romanis
860 2791 973 2854 oblatus
993 2794 1079 2871 iugac
1094 2793 1156 2855 ior·

199 2871 376 2950 midinisqne
387 2872 532 2934 Samnites
542 2874 672 2953 inplevit,
683 2878 809 2936 maxime
821 2879 948 2947 territos,
961 2895 998 2936 ne
1010 2876 1045 2937 ab
1062 2876 1156 2937 altero
1234 2912 1240 2947 2,

155 2961 189 3014 at
202 2957 333 3016 exercitu
354 2957 469 3034 integro
483 2958 650 3036 intactoque
665 2957 743 3017 lessi·
753 2961 1001 3037 opprimerentur.
1036 2969 1065 3020 et
1087 2962 1156 3039 quia

198 3042 308 3120 passim
328 3041 359 3099 in
376 3038 475 3118 lugam
496 3039 627 3121 dissipati
645 3047 726 3112 sunt,
747 3043 845 3102 minor
865 3043 970 3104 caedes
990 3061 1078 3122 quam
1099 3061 1155 3122 pro

199 3131 279 3185 tanta
293 3124 414 3185 victoria
429 3125 492 3186 luit.
525 3126 579 3185 tria
598 3123 679 3185 milia
694 3133 722 3186 et
737 3125 944 3204 quadringenti
965 3129 1058 3197 caesi,
1077 3128 1156 3206 capti

198 3209 362 3286 octingenti
380 3206 474 3270 iermc
495 3215 525 3269 et
545 3210 680 3288 triginta,
702 3209 786 3288 signa
805 3209 943 3272 militaria
957 3219 1040 3290 capta
1055 3212 1111 3271 tria
1127 3217 1156 3272 et

196 3292 310 3370 viginti.

168 3381 185 3431 1
261 3373 321 3435 XV.
355 3376 534 3438 Samnitibus
554 3377 640 3457 Apuli
661 3395 694 3439 so
721 3383 790 3438 ante
814 3376 960 3456 proelium
984 3377 1155 3436 coniunxis-

198 3464 279 3526 sent,
294 3459 371 3520 nil).
389 3461 495 3520 Decius
515 3460 617 3522 consul
636 3463 673 3522 iis
687 3460 723 3522 ad
739 3459 934 3526 llalcventum
955 3471 1051 3521 castra
1073 3459 1151 3519 obie·
1232 3509 1233 3534 3
