2542 3956
276 221 371 264 stens
384 220 461 264 xxn.
481 220 550 264 oar.
570 207 615 262 at.
631 207 727 263 abitt
746 203 781 282 [a.
803 204 838 266 Ο.
853 201 917 282 116]
1021 207 1088 274 295

126 370 164 432 Τ.
182 367 303 431 Otacilio
318 375 511 448 propraetore
523 369 556 429 in
573 367 670 430 Sicilia
687 380 783 446 erant,
801 373 929 452 quinque
942 377 971 431 et
983 369 1085 448 viginti

128 453 258 521 additae,
280 453 516 531 permissumque
537 460 596 522 est,
619 461 668 522 ut,
691 454 717 514 si
737 453 933 533 erepublica
950 462 1085 515 censeret

126 555 208 607 esse,
225 539 256 596 in
270 535 399 596 Africam
413 536 561 596 traiceret

191 617 342 680 XXXVIII.
382 617 495 680 llilcctu
519 618 651 698 perlecto
678 619 814 682 consules
841 639 950 700 paucos
976 623 1108 682 moratil

128 704 200 774 dies,
213 703 282 764 dum
294 703 333 763 ab
343 703 431 764 sociis
441 719 475 762 ac
486 704 605 764 nomIne
616 703 720 764 Latino
731 704 865 766 renuent
876 702 992 765 milites.
1010 712 1082 774 tum,
1095 711 1112 759 a

128 785 208 866 quod
223 804 382 868 numquam
398 793 483 846 antea
498 785 607 848 iactum
624 794 701 857 crat,
715 789 781 848 lura
794 788 919 849 iurando
940 787 977 848 ab
991 787 1084 848 tribu·

129 872 175 930 nis
195 869 321 932 militum
341 868 438 932 adacti
457 869 565 932 milites
589 869 684 952 [iussu
710 869 862 932 consulum
888 880 1085 932 conventuros

128 971 224 1034 neque
240 954 353 1017 iniussu
367 952 529 1035 abituros]:
551 972 619 1016 nam
641 953 678 1014 ad
698 972 762 1016 eam
782 954 860 1016 diem
876 953 949 1015 nibil
966 958 1112 1033 praetera

128 1046 343 1102 sacramentum
357 1039 471 1107 iuerat,
488 1047 519 1098 et
531 1037 584 1098 ubi
595 1036 661 1119 [ad]
678 1039 860 1100 decuriatum
872 1046 922 1099 aut
937 1039 1082 1098 centuria·

127 1131 190 1182 tum
205 1123 425 1192 conuenissent,
448 1139 500 1184 sua
519 1120 669 1182 voluntate
690 1123 748 1200 ipsi
764 1124 843 1183 inter
861 1140 927 1184 sese
942 1121 1084 1183 dectuiati

34 1260 37 1264 .
126 1207 254 1284 equites,
276 1206 432 1266 centuriati
453 1203 566 1283 pedites
586 1203 793 1274 coniurabant,
814 1223 879 1266 sese
893 1205 980 1284 fugae
995 1213 1111 1284 atquae

127 1289 294 1350 formidinis
310 1305 382 1365 ergo
396 1305 456 1347 non
473 1286 604 1349 abituros
624 1305 720 1366 neque
741 1305 777 1348 ex
791 1287 895 1348 ordine
913 1305 1084 1350 recessuros

128 1373 186 1434 nisi
206 1371 259 1438 teli
280 1370 416 1430 sumendi
436 1378 485 1431 aut
511 1369 632 1449 petendi
658 1381 688 1430 et
706 1379 757 1433 aut
775 1371 868 1432 hostis
888 1371 1015 1432 leniendi
1035 1379 1086 1432 aut

127 1455 198 1515 ciris
213 1452 348 1515 servandi
365 1471 462 1514 cansa.
490 1455 520 1514 id
537 1473 573 1515 ex
588 1452 752 1514 voluntario
771 1455 849 1514 inter
863 1456 943 1533 ipsos
960 1454 1109 1515 loederea

127 1537 165 1598 ad
180 1536 316 1598 tribunos
333 1555 368 1598 ac
378 1536 539 1615 legitimam
553 1538 627 1598 iuris
644 1537 761 1599 iurandi
782 1537 966 1600 adactionem
985 1545 1082 1598 mans·

127 1621 227 1683 latum.

191 1704 363 1775 Contiones,
378 1705 549 1786 priusquam
560 1703 597 1766 ab
613 1702 687 1766 urbe
698 1706 781 1783 signa
795 1711 999 1774 moverentur,
1015 1711 1113 1765 con-d

126 1789 199 1851 sulis
213 1789 353 1849 Varronis
367 1787 477 1850 multae
493 1807 527 1850 ac
541 1788 656 1850 feroces
669 1790 767 1858 luere,
790 1788 1004 1858 denuntiantis,
1021 1787 1084 1849 bel·

127 1873 188 1938 lum
203 1873 375 1934 arcessitum
397 1873 428 1931 in
443 1871 552 1933 Italiam
576 1870 613 1932 ab
634 1870 781 1934 nobilibus
800 1889 1032 1951 mansurumque
1052 1873 1085 1932 iu

127 1955 288 2018 visceribus
302 1957 348 2016 rei
360 1954 509 2034 pubIIcae,
537 1955 561 2015 si
580 1955 681 2035 plures
696 1954 803 2016 Fabios
822 1956 1017 2034 imperatores
1032 1955 1112 2016 lta-t

126 2040 226 2110 beret,
247 2057 295 2110 se,
315 2057 376 2119 quo
397 2039 445 2101 die
464 2039 579 2100 hostem
603 2038 736 2107 vidisset,
770 2038 981 2115 perfecturum.
1014 2049 1113 2100 con-8

127 2123 211 2202 legae
226 2123 289 2184 eius
299 2122 383 2183 Pauli
393 2140 451 2183 una
467 2121 575 2200 pridie,
594 2140 682 2201 quam
696 2120 732 2183 ab
747 2120 821 2182 urbe
836 2122 1083 2200 prolidsceretur,

127 2208 227 2266 contio
242 2207 310 2275 luit,
331 2206 429 2265 verior
448 2224 534 2284 quam
551 2206 662 2282 gratior
676 2203 801 2284 populo,
822 2223 879 2283 qua
900 2204 973 2266 nibil
993 2203 1084 2266 lncle·

128 2287 450 2350 menterinllarronem
464 2288 573 2350 dictum
589 2289 645 2348 nlsi
651 2289 682 2349 id
693 2287 790 2358 modo,
805 2289 908 2350 mirari
920 2306 962 2357 se,
973 2288 1051 2366 quod
1064 2293 1113 2358 †e

129 2390 167 2432 ne
179 2373 229 2452 qui
236 2372 304 2441 dux,
317 2373 489 2450 priusquam
496 2380 546 2432 aut
557 2389 640 2434 suum
648 2381 699 2433 aut
710 2371 836 2432 bostium
851 2373 1021 2441 exercitum,
1040 2369 1084 2433 lo·

128 2474 230 2516 corum
242 2457 339 2526 situm,
350 2462 484 2516 nattuam
500 2455 629 2532 regionis
641 2463 749 2525 nosset,
765 2457 824 2515 iam
836 2472 915 2516 nuno
926 2457 1083 2533 togatusIn

127 2538 202 2601 urbe
221 2540 324 2610 sciret,
340 2556 414 2619 quae
424 2539 481 2600 sitii
491 2538 604 2616 agenda
619 2547 732 2602 armato
745 2539 856 2607 forent,
874 2547 903 2600 ct
919 2539 1129 2618 diemque-10

129 2642 186 2703 que
202 2623 374 2702 praedicere
389 2631 502 2702 posset,
518 2641 574 2702 qua
587 2641 654 2684 cum
665 2623 749 2684 lroste
765 2624 857 2701 sigule
868 2620 992 2684 conlatis
1007 2634 1086 2686 esset

129 2707 339 2769 dimIcaturus:
361 2725 407 2776 sc,
432 2725 506 2786 quae
521 2707 642 2768 consilia
657 2707 750 2784 magis
763 2724 813 2767 res
828 2706 899 2768 dent
912 2707 1123 2769 hominibusi}

128 2811 215 2871 quam
231 2791 367 2853 homines
381 2789 485 2862 rebus,
501 2807 536 2852 ea
550 2799 618 2851 ante
632 2800 749 2870 tempus
760 2793 906 2852 inmatura
919 2809 979 2851 non
998 2809 1085 2870 prae·

126 2885 296 2954 ceptorum:
313 2883 430 2955 optare,
447 2883 492 2946 ut,
508 2891 584 2954 qnae
596 2883 680 2938 eaute
695 2892 729 2936 ac
741 2875 873 2936 consulte
885 2884 965 2954 gesta
977 2885 1084 2946 essent,

129 2959 198 3018 satis
213 2977 355 3039 prospere
371 2960 536 3028 evenirent;
552 2961 763 3030 temeritatem,
779 2969 985 3039 praeterquam
1001 2961 1080 3037 quod
1095 2969 1128 3018 ta

126 3039 214 3101 stulta
230 3043 282 3112 sit,
305 3042 453 3103 infelicem
475 3044 617 3104 etiamad
641 3043 669 3104 id
692 3043 824 3105 locorum
844 3044 943 3104 luisse.
983 3042 1013 3100 id
1031 3059 1084 3101 sua
1096 3051 1130 3101 13

126 3131 232 3203 sponte
247 3123 420 3203 apparebat,
451 3134 513 3188 tuta
530 3125 675 3187 celeribus
691 3126 821 3186 consiliis
836 3125 1073 3203 praepositorum

129 3215 160 3269 et
180 3226 238 3287 quo
257 3207 287 3268 id
309 3209 490 3269 constantius
510 3217 727 3286 perseveraret,
751 3208 785 3280 Q.
813 3208 921 3269 Fabius
943 3207 1087 3268 Maximus

125 3294 169 3354 sic
183 3311 251 3353 eum
265 3292 501 3370 proticiscentem
516 3291 669 3353 adlocutus
684 3291 793 3352 lertur.

188 3375 316 3438 XXXIX.
366 3376 423 3444 „st
451 3384 501 3436 ant
527 3375 696 3453 conlegam,
722 3375 751 3437 id
778 3375 857 3454 quod
889 3373 1022 3446 mallem,
1041 3377 1113 3440 tuit

123 3458 265 3532 sintilcm,
284 3460 317 3523 L.
347 3456 453 3521 Aemili
478 3459 617 3532 haberes,
632 3469 681 3522 aut
695 3466 729 3524 tu
743 3457 882 3539 conlegae
896 3459 939 3522 tui
954 3477 1032 3521 esses
1046 3460 1087 3521 si-
