2538 3946
196 192 261 254 250
403 207 497 248 urana
509 207 572 272 m.
589 206 657 250 can.
671 195 715 248 54.
731 195 777 250 ot.
794 185 833 268 [e.
847 211 878 249 ιι.
894 209 921 250 c.
934 185 997 269 536]

198 355 303 416 turmis
322 353 537 434 manipulisque
560 353 782 416 restri‘simiies
803 353 911 433 eligite.
954 355 1039 433 Mago
1062 354 1167 418 locum

196 437 386 509 monstrabit,
410 455 498 518 quem
512 439 678 511 insideatis:
701 437 818 500 bostem
832 456 951 500 caecum
969 439 1006 500 ad
1022 438 1075 500 bas
1088 438 1168 500 belli

172 529 280 583 cartes
294 520 439 584 habetis.“
468 523 509 583 ita
523 521 603 583 mille
619 521 767 600 equitibus
780 539 847 583 com
857 523 997 600 Magone,
1011 520 1092 583 mille
1108 541 1166 602 pe·

197 604 306 668 ditibus
317 603 596 666 dimissisilannibal
607 607 701 686 prima
712 605 926 668 luceNumidas
938 606 1052 686 equites
1062 613 1165 668 bans·

198 706 316 766 grossos
330 688 469 750 Trebiam
488 689 599 752 ilumen
620 688 793 768 obequitare
811 689 895 750 iubet
916 689 1044 751 hostium
1055 692 1162 769 portis,

196 771 410 852 iaculandoque
427 775 459 834 in
477 775 619 835 stationes
634 771 743 833 elicere
758 773 795 834 ad
816 789 945 852 pugnam
961 773 1091 844 bostem,
1113 775 1164 834 in·

196 857 273 917 iecto
289 855 398 919 deinde
409 858 570 918 certamine
586 856 719 921 cedendo
739 857 849 918 sensim
868 859 941 917 citra
960 855 1070 918 flumen
1089 875 1164 937 per·

166 940 326 1002 atrahere.
356 941 431 1000 haec
444 941 582 1002 mandata
596 939 744 1002 Numidis:
764 941 870 1002 ceteris
885 939 1008 1002 ducibus
1024 941 1163 1020 peditum

196 1025 385 1103 equitumque
400 1030 604 1104 praeceptum,
619 1030 652 1084 ut
664 1020 814 1102 prandere
825 1041 928 1085 omnes
942 1023 1095 1096 iuberent,
1112 1042 1163 1084 ar·

199 1114 295 1169 matos
310 1106 417 1167 deinde
432 1108 621 1188 instratisque
636 1109 719 1188 equis
732 1109 849 1187 signum
864 1115 1030 1187 expectare.

166 1196 185 1248 o
259 1189 451 1270 Sempronius
466 1191 502 1252 ad
519 1190 677 1253 tumultum
688 1190 882 1256 Numidarum
896 1193 1026 1270 primum
1038 1209 1161 1252 omnem

198 1275 368 1351 equitatum,
385 1273 469 1336 ierox
479 1293 514 1336 ea
524 1282 608 1355 parte
618 1275 734 1346 urium
746 1275 853 1336 demde
864 1293 916 1336 sex
925 1274 1005 1336 mrba
1015 1275 1159 1353 peditum

196 1365 348 1437 postremo
371 1375 475 1424 omnes
497 1361 595 1439 copias
615 1343 652 1419 ad
672 1359 877 1422 destinatum
865 1377 928 1419 uam
948 1365 1015 1419 ante
1034 1357 1160 1418 consilio

166 1441 298 1503 tavidus
321 1444 490 1504 certaminis
511 1443 620 1504 eduxit.
668 1450 732 1504 erat
752 1441 828 1503 forte
848 1439 971 1502 brumae
990 1449 1108 1519 tempus
1128 1449 1161 1502 ct

197 1525 300 1586 nivalis
315 1525 422 1588 diesin
438 1525 510 1586 locis
526 1524 649 1605 Alpibus
662 1526 876 1605 Apenninoque
890 1526 1064 1595 interiectis,
1085 1543 1159 1604 pro·

166 1611 360 1688 opinquitato
379 1611 466 1671 etiam
487 1608 642 1671 fluminum
666 1627 700 1669 ae
720 1607 871 1707 paludium
890 1607 1077 1688 praegelidis
1120 1609 1160 1668 ad

197 1693 254 1752 boc
269 1694 376 1772 raptim
391 1691 504 1754 eductis
519 1691 688 1753 bominibus
702 1699 790 1773 atque
805 1693 902 1772 equis,
918 1709 980 1753 non
992 1699 1077 1771 capto
1089 1699 1160 1754 ante

166 1761 280 1846 cibo,
302 1792 362 1836 non
385 1791 442 1854 ope
463 1774 524 1836 ulla
544 1775 579 1836 ad
601 1775 761 1836 arcendum
791 1774 884 1854 frigus
912 1774 1055 1846 adbibita,
1082 1775 1159 1836 nibil

198 1856 303 1918 caloris
314 1859 425 1929 iuerat
437 1865 467 1918 et
479 1845 633 1938 quidquid
631 1876 720 1920 aurae
731 1858 860 1920 fluminis
872 1857 1157 1938 adpropinquabant,
1248 1893 1249 1936 3

165 1939 325 2002 conflabat
346 1943 443 2002 acrior
462 1940 581 2042 frigoris
601 1943 653 2002 vis
685 1949 719 2003 ut
740 1959 809 2004 vero
823 1941 1002 2021 refugientes
1016 1941 1159 2005 Numidas

196 2026 384 2104 insequentes
395 2043 500 2106 aquam
511 2027 755 2105 ingressisunt-
765 2033 795 2088 et
805 2032 870 2087 erat
884 2024 1054 2105 pectoribus
1070 2032 1158 2087 tenus

197 2114 282 2169 aucta
293 2116 438 2170 nocturno
449 2108 657 2170 imbri-tum
667 2111 769 2188 utique
777 2111 904 2188 egressis
914 2108 1157 2187 rigereomnibus

198 2209 338 2269 corpora,
355 2198 388 2252 ut
399 2195 445 2253 rix
456 2210 607 2254 armorum
618 2194 813 2255 tenendorum
826 2194 957 2272 potentia
968 2199 1058 2264 esset,
1073 2199 1103 2253 ct
1116 2195 1156 2254 si·

197 2273 259 2334 mul
273 2272 444 2337 lassitudine
455 2282 485 2336 et
499 2277 679 2355 procedente
694 2279 751 2339 iam
767 2276 815 2336 die
829 2277 907 2339 ieme
919 2278 1006 2338 etiam
1018 2275 1155 2338 deiicere.

171 2357 254 2419 tLV.
288 2359 460 2421 Hannibalis
475 2361 595 2422 iuterim
608 2360 693 2422 mnes
713 2359 831 2439 ignibus
846 2367 913 2421 ante
931 2361 1062 2437 tentoria·
1072 2359 1156 2421 iactis

199 2440 322 2522 oleoque
335 2461 390 2522 per
405 2443 583 2524 manipulos,
606 2452 640 2505 ut
653 2443 803 2505 mollirent
818 2451 913 2513 artus,
935 2445 1025 2504 misso
1041 2450 1071 2504 et
1089 2443 1156 2504 cibo

196 2543 251 2604 per
265 2526 356 2587 otium
377 2534 477 2606 capto,
498 2526 551 2588 ubi
572 2534 772 2605 transgressos
794 2527 904 2588 flumen
924 2528 1017 2588 bostis
1039 2529 1156 2588 nuntia·

198 2616 261 2669 tum
284 2617 344 2680 est,
369 2610 467 2672 alacer
489 2612 594 2672 animis
614 2610 845 2690 corporibusque
868 2629 950 2672 arma
973 2611 1051 2690 capit
1068 2619 1156 2690 atquc

166 2693 330 2754 tinaoiem
341 2695 485 2773 procedit.
512 2694 641 2756 baliares
650 2693 890 2772 locatantesigna
900 2693 1154 2774 levemquearma·

197 2781 308 2844 turam,
328 2784 395 2838 octo
410 2779 504 2839 icrme
518 2778 598 2839 milia
613 2779 781 2849 bominum,
804 2777 872 2838 dein
887 2779 1052 2856 graviorem
1065 2779 1155 2838 armis

197 2856 342 2935 peditem,
367 2860 446 2938 quod
465 2863 584 2928 virium,
609 2862 689 2939 quod
706 2862 832 2935 ¹roboris
852 2869 930 2931 erat;
958 2861 988 2923 in
1015 2861 1155 2922 cornibus

196 2940 384 3002 circumfudit
395 2941 497 3003 decem
508 2942 587 3005 milia
600 2946 745 3023 equitum,
757 2952 787 3006 et
798 2944 834 3005 ab
846 2945 987 3007 cornibus
999 2947 1029 3006 in
1043 2953 1154 3005 utram·

163 3030 253 3104 oque
273 3032 388 3105 partem
403 3026 509 3088 divisos
527 3025 699 3106 elephantos
718 3030 826 3089 statuit
871 3027 975 3090 consul
996 3029 1087 3090 eiiuse
1109 3045 1154 3089 se·
1245 3041 1246 3096 ι

196 3111 312 3187 quentis
328 3111 455 3208 equites,
475 3129 542 3172 cum
565 3110 601 3173 ab
624 3112 828 3174 resistentibus
848 3111 944 3174 subito
962 3111 1117 3173 Numidis·
1109 3129 1154 3171 rn-

196 3194 274 3254 cauti
291 3195 512 3272 exciperentur,
533 3197 618 3273 signo
633 3198 766 3276 receptui
783 3195 850 3257 dato
864 3203 1016 3257 revocatos
1028 3196 1138 3254 circum

165 3274 278 3336 ‹idedit
290 3276 447 3374 peditibus.
478 3276 677 3356 duodeviginti
691 3279 770 3340 milia
782 3280 912 3341 Romana
927 3286 1026 3351 erant,
1042 3279 1184 3339 socium

198 3359 325 3418 nominis
344 3358 440 3421 Latini
462 3363 577 3438 viginti,
603 3363 708 3422 auxilia
727 3370 880 3460 praeterea
901 3362 1153 3430 Cenomanorum

197 3454 233 3496 ea
252 3438 339 3498 sola
332 3457 360 3499 ιιι
382 3443 438 3502 tide
454 3451 602 3504 manserat
618 3445 725 3506 Gallica
748 3463 829 3524 gens.
858 3447 895 3506 iis
915 3447 1008 3526 copiis
1028 3461 1153 3506 concur·
1244 3483 1245 3494 ι

1233 3861 1239 3900 ,
