2546 3936
250 208 426 252 3111333111.
443 209 510 252 aar.
527 198 568 249 lt.
586 187 734 274 131313.
749 193 785 255 0.
800 199 860 253 333.
873 167 934 276 331]
1030 201 1072 264 65

112 358 224 422 Latinis
245 355 390 417 rebellare
412 354 588 427 noluissent,
618 357 824 438 Fundanisque
847 369 876 420 et
897 361 1071 432 Formianis,

111 441 190 522 qnod
213 459 267 521 per
288 441 354 502 111113
369 459 471 501 331313
495 450 555 501 1313
575 452 735 520 pacataque
756 461 874 519 semper
893 443 995 506 luisset
1017 445 1071 518 via,

111 528 212 587 civitas
224 527 288 585 sine
303 524 443 602 suffragio
458 524 534 586 data.
564 525 709 586 Cumanos
726 525 976 606 Suessulanosque
994 530 1111 587 eius-11

110 610 180 671 dem
191 610 263 669 luris
276 607 529 687 condicionisque,
545 609 627 683 cuius
639 609 780 687 Capuam,
796 628 859 669 esse
872 609 988 689 placuit.
1017 630 1068 670 na·
1083 619 1113 668 11

109 711 163 754 res
179 693 336 753 Antiatium
352 692 510 770 partimin
532 691 641 752 navalia
659 693 767 754 ltomae
788 692 948 754 subductae
964 695 1070 772 partim

109 779 265 844 incensae,
282 776 444 855 rostrisque
460 794 561 836 earum
578 787 747 854 suggestum
763 779 792 836 in
808 777 872 836 loro
890 787 1071 838 exstructum

110 859 253 921 adornari
267 858 389 938 placuit,
407 867 561 938 rostraque
576 859 606 918 id
621 860 761 939 templum
777 859 964 940 appellatum.

175 943 233 1004 XV.
266 943 297 1004 C.
310 941 440 1020 Sulpicio
455 943 556 1018 Longo
572 943 603 1003 P.
621 942 702 1002 Aelio
715 944 803 1005 Paeto
818 944 987 1006 consulibus
1003 963 1070 1006 curn
1088 953 1100 1003 1

110 1029 212 1090 omnia
237 1045 298 1088 non
321 1043 393 1106 opes
418 1027 511 1103 magis
531 1026 680 1088 Romanae
706 1047 794 1106 quam
817 1027 967 1088 boneficiis
988 1037 1072 1105 parta

110 1113 205 1190 gratia
232 1111 309 1171 bona
333 1128 406 1188 pace
427 1109 589 1181 obtineret,
611 1110 688 1170 inter
703 1111 847 1171 Sidicinos
862 1114 1071 1192 Auruncosque

111 1195 222 1256 bellum
237 1203 344 1254 ortum.
373 1195 502 1256 Aurunci
516 1212 534 1253 α
546 1193 579 1254 Τ.
596 1193 702 1255 1133113
716 1196 834 1255 3333313
849 1198 878 1254 13
892 1195 1071 1257 deditionem
1087 1207 1102 1255 ²

111 1280 227 1356 accepti
242 1276 315 1336 nibil
336 1277 442 1338 deinde
467 1285 632 1338 moverant:
654 1296 689 1337 eo
704 1278 822 1358 petendi
843 1278 940 1337 auxilii
960 1278 996 1339 ab
1013 1279 1070 1340 llo-

113 1364 208 1422 manis
224 1379 309 1421 eausa
326 1361 429 1421 iustior
444 1362 509 1422 luit.
536 1360 588 1422 sed
604 1361 773 1440 priusquam
790 1361 925 1423 consules
944 1362 979 1423 ab
996 1362 1102 1422 331133

115 1477 152 1490 -
172 1445 296 1504 iusserat
313 1446 392 1504 enim
406 1453 523 1506 senatus
540 1443 658 1504 delendi
667 1446 827 1505 ¹Auruncos
849 1467 891 1491 -·
907 1448 1069 1507 exercitum

113 1527 289 1597 educerent,
312 1527 388 1590 lama
411 1529 546 1590 adl'ertur'
560 1531 714 1589 Auruncos
736 1540 815 1589 metu
830 1529 970 1608 oppidum
987 1529 1069 1590 dese·
1086 1539 1102 1587 A

112 1614 208 1674 ruisse
230 1612 428 1692 profugosque
451 1631 518 1672 cum
543 1613 718 1689 coniugibus
744 1631 778 1672 ac
804 1613 904 1672 liberis
933 1613 1070 1676 Suessam

111 1699 326 1765 communisse,
343 1714 417 1775 quae
434 1715 513 1756 nunc
527 1696 663 1757 Aurunca
679 1696 838 1776 appellata,
863 1700 977 1758 moenia
996 1699 1069 1759 anti·

109 1799 167 1862 qua
184 1799 285 1841 eornm
300 1780 464 1860 urbemque
480 1780 516 1841 ab
533 1781 671 1840 Sidicinis
683 1781 818 1842 deletam
844 1781 881 1840 ob
895 1801 927 1840 ea
940 1783 1072 1842 infensus
1086 1790 1103 1840 3

109 1863 282 1926 consulibus
292 1875 419 1932 senatus,
432 1881 556 1944 quorum
564 1865 750 1924 cunctatione
762 1865 870 1943 proditi
882 1883 954 1924 33311
962 1874 1068 1937 333331,

112 1947 465 2010 (113131313311131133311
505 1947 600 2007 (113133
614 1949 645 2010 C
662 1948 797 2010 Claudius
813 1946 988 2024 Regillensis
1009 1969 1069 2010 ma-

110 2035 235 2112 gistrum
258 2034 387 2111 equitum
412 2033 443 2094 C
460 2030 611 2092 Claudium
637 2033 824 2093 llortatorem
846 2031 927 2091 dixit
967 2031 1104 2110 religioe

111 2118 180 2178 inde
202 2119 308 2177 iniecta
332 2115 368 2175 de
384 2115 541 2185 dictatore
565 2126 594 2175 et
614 2134 680 2176 oum
703 2133 829 2195 augures
851 2116 922 2174 vitio
939 2126 1069 2176 creatum

111 2200 205 2260 rideri
227 2199 381 2268 dixissent,
408 2200 533 2260 dictator
556 2201 752 2278 magisterque
771 2201 903 2306 equitum
925 2215 957 2258 se
978 2200 1069 2276 magi·

112 2290 206 2344 stratu
221 2282 402 2345 abdicarunt.

177 2367 220 2426 Eo
231 2385 308 2427 anuo
320 2365 444 2429 Minucia
456 2367 578 2429 Vestalis
592 2373 725 2446 suspecta
738 2367 833 2445 primo
848 2374 970 2446 propter
985 2383 1069 2426 mun·
1086 2374 1100 2423 1

114 2449 226 2510 dionem
248 2452 325 2510 iusto
347 2451 472 2523 cultum,
496 2451 661 2512 insimulata
684 2450 789 2510 deinde
820 2450 895 2529 apud
918 2450 1101 2528 pontilices8

113 2533 150 2595 ab
162 2533 260 2594 indice
273 2551 373 2604 servo,
389 2555 456 2596 cum
472 2536 592 2596 decreto
609 2553 711 2594 331331
727 2537 803 2594 13333
819 2543 896 2594 33331
911 2534 1002 2594 333113
1018 2532 1069 2592 ab·

112 2619 224 2679 3113313
238 2618 436 2698 familiamque
451 2621 481 2679 in
498 2627 641 2699 potestate
653 2618 778 2688 habere,
795 2617 873 2678 lacto
888 2616 995 2677 iudicio
1008 2619 1071 2678 viva

111 2701 166 2762 sub
192 2711 300 2763 terram
319 2703 355 2762 ad
378 2713 494 2782 portam
511 2701 653 2764 Collinam
673 2703 752 2762 iuxta
778 2704 852 2762 viam
877 2709 998 2761 stratam
1019 2699 1069 2760 (13-

112 2785 190 2846 13333
205 2786 349 2848 scelerato
366 2786 480 2868 campo.
510 2785 599 2846 credo
614 2786 649 2847 ab
663 2787 777 2846 incesto
791 2786 821 2846 id
838 2787 865 2846 ei
879 2784 944 2846 loco
959 2802 1068 2845 nomon

112 2869 233 2932 lactum

177 2953 285 3013 Eodem
299 2973 375 3014 anno
389 2954 424 3026 0
436 2953 577 3016 Publilius
589 2951 672 3014 Philo
683 2961 803 3032 praetor
812 2953 925 3031 primus
937 2953 973 3012 de
985 2951 1070 3031 plebe
1086 2957 1103 3008 3

113 3033 287 3096 adversante
298 3037 427 3116 Sulpicio
444 3037 581 3107 consule,
600 3039 648 3118 qui
664 3037 790 3115 negabat
804 3040 946 3096 rationem
959 3037 1022 3094 eius
1038 3053 1069 3094 33

114 3117 297 3188 habiturum,
315 3128 359 3180 est
373 3120 466 3181 lactus
480 3129 598 3190 senatu,
618 3139 684 3180 cum
700 3123 730 3180 13
748 3122 869 3180 33311313
886 3119 1019 3196 imperiis
1040 3116 1069 3176 id

115 3219 174 3263 nou
191 3202 378 3271 obtinuisset,
394 3207 491 3266 131333
508 3207 538 3265 13
554 3213 691 3284 praetura
710 3203 891 3262 intendente.

177 3285 249 3347 XVl.
285 3287 445 3366 insequens
472 3307 579 3358 33333,
610 3288 642 3349 L
665 3289 781 3363 Papirio
804 3287 909 3346 Crasso
940 3283 1099 3344 Caesonel
1125 3350 1127 3354 .

114 3369 220 3432 11311113
241 3371 425 3441 oonsulibus,
450 3361 601 3433 Ausonum
627 3372 719 3448 magis
748 3387 820 3429 novo
850 3385 937 3447 quam
964 3384 1069 3444 magno

114 3453 193 3515 bello
208 3456 285 3516 luit
277 3457 411 3534 insignis.
448 3473 481 3516 ea
501 3473 573 3533 gens
587 3454 670 3517 Cales
685 3453 789 3515 urbem
806 3451 969 3521 incolebam
993 3450 1067 3512 Sidi·
1085 3462 1103 3506 a

160 3567 185 3605 r.
203 3571 264 3607 3131
284 3571 352 3607 raas
373 3571 406 3608 11.
848 3543 866 3599 5
