<?xml version="1.0" encoding="UTF-8"?>
<!DOCTYPE html PUBLIC "-//W3C//DTD XHTML 1.0 Transitional//EN"
    "http://www.w3.org/TR/xhtml1/DTD/xhtml1-transitional.dtd">
<html xmlns="http://www.w3.org/1999/xhtml" xml:lang="en" lang="en">
 <head>
  <title>
</title>
<meta http-equiv="Content-Type" content="text/html;charset=utf-8" />
  <meta name='ocr-system' content='tesseract 3.04.00' />
  <meta name='ocr-capabilities' content='ocr_page ocr_carea ocr_par ocr_line ocrx_word'/>
</head>
<body>
  <div class='ocr_page' id='page_1' title='image "./aburbeconditali08livygoog_0233.png"; bbox 0 0 2546 3936; ppageno 0'>
   <div class='ocr_carea' id='block_1_1' title="bbox 344 199 1075 303">
    <p class='ocr_par' dir='ltr' id='par_1_1' title="bbox 344 199 1075 303">
     <span class='ocr_line' id='line_1_1' title="bbox 344 199 1075 303; baseline 0.005 -19"><span class='ocrx_word' id='word_1_1' title='bbox 344 241 518 286; x_wconf 74' lang='lat' dir='ltr'>amasam.</span> <span class='ocrx_word' id='word_1_2' title='bbox 532 227 654 284; x_wconf 65' lang='lat' dir='ltr'>eamus.</span> <span class='ocrx_word' id='word_1_3' title='bbox 668 218 824 303; x_wconf 60' lang='lat' dir='ltr'>[modat]</span> <span class='ocrx_word' id='word_1_4' title='bbox 1021 199 1075 290; x_wconf 32' lang='lat'>91¹</span> 
     </span>
    </p>
   </div>
   <div class='ocr_carea' id='block_1_2' title="bbox 97 386 1104 3564">
    <p class='ocr_par' dir='ltr' id='par_1_2' title="bbox 97 386 1091 1889">
     <span class='ocr_line' id='line_1_2' title="bbox 100 386 1059 461; baseline -0.001 -10"><span class='ocrx_word' id='word_1_5' title='bbox 100 409 154 453; x_wconf 86' lang='lat' dir='ltr'>rus</span> <span class='ocrx_word' id='word_1_6' title='bbox 165 388 302 451; x_wconf 87' lang='lat' dir='ltr'>accidens</span> <span class='ocrx_word' id='word_1_7' title='bbox 315 396 345 450; x_wconf 89' lang='lat' dir='ltr'>et</span> <span class='ocrx_word' id='word_1_8' title='bbox 357 389 531 450; x_wconf 81' lang='lat' dir='ltr'><strong>Samnitium</strong></span> <span class='ocrx_word' id='word_1_9' title='bbox 546 389 653 449; x_wconf 89' lang='lat' dir='ltr'>terruit</span> <span class='ocrx_word' id='word_1_10' title='bbox 664 388 791 458; x_wconf 87' lang='lat' dir='ltr'>animos,</span> <span class='ocrx_word' id='word_1_11' title='bbox 809 393 838 447; x_wconf 91' lang='lat' dir='ltr'>et</span> <span class='ocrx_word' id='word_1_12' title='bbox 853 387 992 461; x_wconf 91' lang='lat' dir='ltr'>dictator,</span> <span class='ocrx_word' id='word_1_13' title='bbox 1008 386 1059 452; x_wconf 92' lang='lat' dir='ltr'>ubl</span> 
     </span>
     <span class='ocr_line' id='line_1_3' title="bbox 99 470 1061 553; baseline -0.003 -17"><span class='ocrx_word' id='word_1_14' title='bbox 99 479 303 553; x_wconf 70' lang='lat' dir='ltr'>respectantes</span> <span class='ocrx_word' id='word_1_15' title='bbox 331 472 460 534; x_wconf 86' lang='lat' dir='ltr'>bostium</span> <span class='ocrx_word' id='word_1_16' title='bbox 487 471 695 550; x_wconf 78' lang='lat' dir='ltr'>antesignanos</span> <span class='ocrx_word' id='word_1_17' title='bbox 723 470 898 551; x_wconf 89' lang='lat' dir='ltr'>turbataque</span> <span class='ocrx_word' id='word_1_18' title='bbox 923 474 1007 551; x_wconf 89' lang='lat' dir='ltr'>signa</span> <span class='ocrx_word' id='word_1_19' title='bbox 1031 479 1061 533; x_wconf 90' lang='lat' dir='ltr'>et</span> 
     </span>
     <span class='ocr_line' id='line_1_4' title="bbox 99 553 1059 634; baseline -0.002 -15"><span class='ocrx_word' id='word_1_20' title='bbox 99 557 291 619; x_wconf 86' lang='lat' dir='ltr'>fluctuantem</span> <span class='ocrx_word' id='word_1_21' title='bbox 303 558 397 617; x_wconf 87' lang='lat' dir='ltr'>aciem</span> <span class='ocrx_word' id='word_1_22' title='bbox 410 555 496 626; x_wconf 82' lang='lat' dir='ltr'>vidit,</span> <span class='ocrx_word' id='word_1_23' title='bbox 510 563 573 615; x_wconf 91' lang='lat' dir='ltr'>tum</span> <span class='ocrx_word' id='word_1_24' title='bbox 585 553 752 634; x_wconf 88' lang='lat' dir='ltr'>appellare,</span> <span class='ocrx_word' id='word_1_25' title='bbox 767 562 828 615; x_wconf 91' lang='lat' dir='ltr'>tum</span> <span class='ocrx_word' id='word_1_26' title='bbox 842 554 993 616; x_wconf 90' lang='lat' dir='ltr'>adhortari</span> <span class='ocrx_word' id='word_1_27' title='bbox 1003 556 1059 617; x_wconf 59' lang='lat' dir='ltr'>mta</span> 
     </span>
     <span class='ocr_line' id='line_1_5' title="bbox 98 637 1060 720; baseline -0.003 -18"><span class='ocrx_word' id='word_1_28' title='bbox 98 640 182 712; x_wconf 91' lang='lat' dir='ltr'>lites,</span> <span class='ocrx_word' id='word_1_29' title='bbox 198 639 332 702; x_wconf 89' lang='lat' dir='ltr'>tribunos</span> <span class='ocrx_word' id='word_1_30' title='bbox 342 641 551 720; x_wconf 78' lang='lat' dir='ltr'>principesque</span> <span class='ocrx_word' id='word_1_31' title='bbox 564 639 703 699; x_wconf 87' lang='lat' dir='ltr'>ordinum</span> <span class='ocrx_word' id='word_1_32' title='bbox 714 638 886 698; x_wconf 92' lang='lat' dir='ltr'>nominatim</span> <span class='ocrx_word' id='word_1_33' title='bbox 900 637 936 698; x_wconf 91' lang='lat' dir='ltr'>ad</span> <span class='ocrx_word' id='word_1_34' title='bbox 949 640 1060 700; x_wconf 87' lang='lat' dir='ltr'>iteran-</span> 
     </span>
     <span class='ocr_line' id='line_1_6' title="bbox 99 713 1090 805; baseline -0.005 -19"><span class='ocrx_word' id='word_1_35' title='bbox 99 713 285 786; x_wconf 84' lang='lat' dir='ltr'>damascum</span> <span class='ocrx_word' id='word_1_36' title='bbox 307 740 437 805; x_wconf 90' lang='lat' dir='ltr'>pugnam</span> <span class='ocrx_word' id='word_1_37' title='bbox 459 739 575 782; x_wconf 79' lang='lat' dir='ltr'>vocare.</span> <span class='ocrx_word' id='word_1_38' title='bbox 607 728 713 782; x_wconf 87' lang='lat' dir='ltr'>novato</span> <span class='ocrx_word' id='word_1_39' title='bbox 731 720 861 782; x_wconf 90' lang='lat' dir='ltr'>clamore</span> <span class='ocrx_word' id='word_1_40' title='bbox 880 722 963 800; x_wconf 90' lang='lat' dir='ltr'>signa</span> <span class='ocrx_word' id='word_1_41' title='bbox 984 720 1090 782; x_wconf 77' lang='lat' dir='ltr'>infe-5</span> 
     </span>
     <span class='ocr_line' id='line_1_7' title="bbox 98 803 1060 888; baseline -0.003 -19"><span class='ocrx_word' id='word_1_42' title='bbox 98 817 221 878; x_wconf 86' lang='lat' dir='ltr'>mmtur,</span> <span class='ocrx_word' id='word_1_43' title='bbox 237 813 266 868; x_wconf 93' lang='lat' dir='ltr'>et</span> <span class='ocrx_word' id='word_1_44' title='bbox 277 806 418 888; x_wconf 92' lang='lat' dir='ltr'>quidquid</span> <span class='ocrx_word' id='word_1_45' title='bbox 431 803 712 886; x_wconf 77' lang='lat' dir='ltr'>progrediebantur,</span> <span class='ocrx_word' id='word_1_46' title='bbox 728 806 822 883; x_wconf 86' lang='lat' dir='ltr'>magis</span> <span class='ocrx_word' id='word_1_47' title='bbox 832 806 984 884; x_wconf 76' lang='lat' dir='ltr'>magisque</span> <span class='ocrx_word' id='word_1_48' title='bbox 998 812 1060 866; x_wconf 91' lang='lat' dir='ltr'>tur·</span> 
     </span>
     <span class='ocr_line' id='line_1_8' title="bbox 98 888 1059 969; baseline -0.004 -16"><span class='ocrx_word' id='word_1_49' title='bbox 98 891 185 954; x_wconf 87' lang='lat' dir='ltr'>batos</span> <span class='ocrx_word' id='word_1_50' title='bbox 199 890 299 952; x_wconf 89' lang='lat' dir='ltr'>hostes</span> <span class='ocrx_word' id='word_1_51' title='bbox 311 889 482 952; x_wconf 84' lang='lat' dir='ltr'>cernebant.</span> <span class='ocrx_word' id='word_1_52' title='bbox 507 906 597 969; x_wconf 85' lang='lat' dir='ltr'>eques</span> <span class='ocrx_word' id='word_1_53' title='bbox 608 889 672 968; x_wconf 91' lang='lat' dir='ltr'>ipse</span> <span class='ocrx_word' id='word_1_54' title='bbox 682 889 741 949; x_wconf 90' lang='lat' dir='ltr'>iam</span> <span class='ocrx_word' id='word_1_55' title='bbox 755 889 860 967; x_wconf 89' lang='lat' dir='ltr'>primis</span> <span class='ocrx_word' id='word_1_56' title='bbox 875 895 939 950; x_wconf 90' lang='lat' dir='ltr'>erat</span> <span class='ocrx_word' id='word_1_57' title='bbox 948 888 979 949; x_wconf 93' lang='lat' dir='ltr'>in</span> <span class='ocrx_word' id='word_1_58' title='bbox 988 906 1059 949; x_wconf 93' lang='lat' dir='ltr'>con·</span> 
     </span>
     <span class='ocr_line' id='line_1_9' title="bbox 105 970 1091 1055; baseline -0.001 -20"><span class='ocrx_word' id='word_1_59' title='bbox 105 982 217 1055; x_wconf 89' lang='lat' dir='ltr'>spectu,</span> <span class='ocrx_word' id='word_1_60' title='bbox 230 981 260 1034; x_wconf 90' lang='lat' dir='ltr'>et</span> <span class='ocrx_word' id='word_1_61' title='bbox 272 973 424 1036; x_wconf 83' lang='lat' dir='ltr'>Cornelius</span> <span class='ocrx_word' id='word_1_62' title='bbox 437 973 599 1053; x_wconf 88' lang='lat' dir='ltr'>respiciens</span> <span class='ocrx_word' id='word_1_63' title='bbox 612 971 649 1032; x_wconf 92' lang='lat' dir='ltr'>ad</span> <span class='ocrx_word' id='word_1_64' title='bbox 660 970 825 1051; x_wconf 90' lang='lat' dir='ltr'>manipulos</span> <span class='ocrx_word' id='word_1_65' title='bbox 836 971 971 1044; x_wconf 89' lang='lat' dir='ltr'>militum,</span> <span class='ocrx_word' id='word_1_66' title='bbox 984 973 1091 1054; x_wconf 71' lang='lat' dir='ltr'>quode</span> 
     </span>
     <span class='ocr_line' id='line_1_10' title="bbox 97 1053 1060 1137; baseline -0.001 -18"><span class='ocrx_word' id='word_1_67' title='bbox 97 1075 204 1129; x_wconf 88' lang='lat' dir='ltr'>manu,</span> <span class='ocrx_word' id='word_1_68' title='bbox 226 1057 304 1137; x_wconf 94' lang='lat' dir='ltr'>quod</span> <span class='ocrx_word' id='word_1_69' title='bbox 326 1075 397 1118; x_wconf 88' lang='lat' dir='ltr'>voce</span> <span class='ocrx_word' id='word_1_70' title='bbox 417 1063 549 1136; x_wconf 87' lang='lat' dir='ltr'>poterat,</span> <span class='ocrx_word' id='word_1_71' title='bbox 572 1055 756 1117; x_wconf 87' lang='lat' dir='ltr'>monstrabat</span> <span class='ocrx_word' id='word_1_72' title='bbox 770 1053 874 1116; x_wconf 82' lang='lat' dir='ltr'>vexilla</span> <span class='ocrx_word' id='word_1_73' title='bbox 892 1073 924 1116; x_wconf 87' lang='lat' dir='ltr'>se</span> <span class='ocrx_word' id='word_1_74' title='bbox 939 1073 1060 1118; x_wconf 91' lang='lat' dir='ltr'>suorum</span> 
     </span>
     <span class='ocr_line' id='line_1_11' title="bbox 99 1138 1088 1221; baseline -0.001 -20"><span class='ocrx_word' id='word_1_75' title='bbox 99 1145 279 1221; x_wconf 88' lang='lat' dir='ltr'>parmasque</span> <span class='ocrx_word' id='word_1_76' title='bbox 293 1158 418 1202; x_wconf 88' lang='lat' dir='ltr'>cernere</span> <span class='ocrx_word' id='word_1_77' title='bbox 434 1142 573 1220; x_wconf 90' lang='lat' dir='ltr'>equitum.</span> <span class='ocrx_word' id='word_1_78' title='bbox 610 1139 689 1219; x_wconf 90' lang='lat' dir='ltr'>quod</span> <span class='ocrx_word' id='word_1_79' title='bbox 705 1138 757 1200; x_wconf 92' lang='lat' dir='ltr'>ubi</span> <span class='ocrx_word' id='word_1_80' title='bbox 772 1138 903 1200; x_wconf 88' lang='lat' dir='ltr'>auditum</span> <span class='ocrx_word' id='word_1_81' title='bbox 920 1139 1007 1202; x_wconf 89' lang='lat' dir='ltr'>simul</span> <span class='ocrx_word' id='word_1_82' title='bbox 1019 1142 1088 1200; x_wconf 75' lang='lat' dir='ltr'>vir</span> 
     </span>
     <span class='ocr_line' id='line_1_12' title="bbox 99 1221 1060 1305; baseline -0.003 -18"><span class='ocrx_word' id='word_1_83' title='bbox 99 1243 225 1305; x_wconf 89' lang='lat' dir='ltr'>sumque</span> <span class='ocrx_word' id='word_1_84' title='bbox 242 1232 301 1295; x_wconf 88' lang='lat' dir='ltr'>est,</span> <span class='ocrx_word' id='word_1_85' title='bbox 326 1224 399 1286; x_wconf 91' lang='lat' dir='ltr'>adeo</span> <span class='ocrx_word' id='word_1_86' title='bbox 421 1231 544 1305; x_wconf 88' lang='lat' dir='ltr'>repente</span> <span class='ocrx_word' id='word_1_87' title='bbox 566 1221 677 1284; x_wconf 90' lang='lat' dir='ltr'>laboris</span> <span class='ocrx_word' id='word_1_88' title='bbox 692 1240 747 1302; x_wconf 91' lang='lat' dir='ltr'>per</span> <span class='ocrx_word' id='word_1_89' title='bbox 762 1222 841 1283; x_wconf 92' lang='lat' dir='ltr'>diem</span> <span class='ocrx_word' id='word_1_90' title='bbox 856 1241 951 1303; x_wconf 89' lang='lat' dir='ltr'>paene</span> <span class='ocrx_word' id='word_1_91' title='bbox 966 1231 1060 1285; x_wconf 92' lang='lat' dir='ltr'>totum</span> 
     </span>
     <span class='ocr_line' id='line_1_13' title="bbox 97 1306 1062 1388; baseline 0 -20"><span class='ocrx_word' id='word_1_92' title='bbox 97 1307 217 1379; x_wconf 81' lang='lat' dir='ltr'>tolerati</span> <span class='ocrx_word' id='word_1_93' title='bbox 236 1307 448 1388; x_wconf 85' lang='lat' dir='ltr'>vulnerumque</span> <span class='ocrx_word' id='word_1_94' title='bbox 464 1306 548 1367; x_wconf 90' lang='lat' dir='ltr'>obliti</span> <span class='ocrx_word' id='word_1_95' title='bbox 561 1315 646 1376; x_wconf 90' lang='lat' dir='ltr'>sunt,</span> <span class='ocrx_word' id='word_1_96' title='bbox 669 1317 702 1368; x_wconf 89' lang='lat' dir='ltr'>ut</span> <span class='ocrx_word' id='word_1_97' title='bbox 715 1306 794 1367; x_wconf 90' lang='lat' dir='ltr'>baud</span> <span class='ocrx_word' id='word_1_98' title='bbox 810 1324 909 1377; x_wconf 89' lang='lat' dir='ltr'>secus,</span> <span class='ocrx_word' id='word_1_99' title='bbox 932 1325 1020 1387; x_wconf 90' lang='lat' dir='ltr'>quam</span> <span class='ocrx_word' id='word_1_100' title='bbox 1036 1309 1062 1368; x_wconf 89' lang='lat' dir='ltr'>si</span> 
     </span>
     <span class='ocr_line' id='line_1_14' title="bbox 98 1391 1060 1470; baseline -0.001 -17"><span class='ocrx_word' id='word_1_101' title='bbox 98 1400 163 1453; x_wconf 91' lang='lat' dir='ltr'>tum</span> <span class='ocrx_word' id='word_1_102' title='bbox 177 1393 287 1470; x_wconf 88' lang='lat' dir='ltr'>integri</span> <span class='ocrx_word' id='word_1_103' title='bbox 304 1393 436 1452; x_wconf 90' lang='lat' dir='ltr'>ecastris</span> <span class='ocrx_word' id='word_1_104' title='bbox 451 1393 567 1469; x_wconf 88' lang='lat' dir='ltr'>signum</span> <span class='ocrx_word' id='word_1_105' title='bbox 580 1408 697 1470; x_wconf 84' lang='lat' dir='ltr'>pugnae</span> <span class='ocrx_word' id='word_1_106' title='bbox 715 1391 912 1469; x_wconf 86' lang='lat' dir='ltr'>accepissent,</span> <span class='ocrx_word' id='word_1_107' title='bbox 930 1393 1060 1452; x_wconf 91' lang='lat' dir='ltr'>concita·</span> 
     </span>
     <span class='ocr_line' id='line_1_15' title="bbox 98 1473 1090 1536; baseline -0.002 -1"><span class='ocrx_word' id='word_1_108' title='bbox 98 1477 197 1536; x_wconf 82' lang='lat' dir='ltr'>verint</span> <span class='ocrx_word' id='word_1_109' title='bbox 209 1492 242 1534; x_wconf 87' lang='lat' dir='ltr'>se</span> <span class='ocrx_word' id='word_1_110' title='bbox 262 1475 294 1535; x_wconf 92' lang='lat' dir='ltr'>in</span> <span class='ocrx_word' id='word_1_111' title='bbox 308 1474 432 1536; x_wconf 86' lang='lat' dir='ltr'>bostem.</span> <span class='ocrx_word' id='word_1_112' title='bbox 464 1493 521 1536; x_wconf 89' lang='lat' dir='ltr'>nee</span> <span class='ocrx_word' id='word_1_113' title='bbox 535 1473 612 1536; x_wconf 88' lang='lat' dir='ltr'>ultra</span> <span class='ocrx_word' id='word_1_114' title='bbox 627 1473 743 1536; x_wconf 91' lang='lat' dir='ltr'>Samnis</span> <span class='ocrx_word' id='word_1_115' title='bbox 766 1473 893 1536; x_wconf 91' lang='lat' dir='ltr'>tolerare</span> <span class='ocrx_word' id='word_1_116' title='bbox 913 1480 1090 1536; x_wconf 76' lang='lat' dir='ltr'>terrorema</span> 
     </span>
     <span class='ocr_line' id='line_1_16' title="bbox 98 1557 1059 1639; baseline 0 -20"><span class='ocrx_word' id='word_1_117' title='bbox 98 1559 231 1638; x_wconf 91' lang='lat' dir='ltr'>equitum</span> <span class='ocrx_word' id='word_1_118' title='bbox 250 1557 440 1638; x_wconf 88' lang='lat' dir='ltr'>peditumque</span> <span class='ocrx_word' id='word_1_119' title='bbox 460 1560 519 1620; x_wconf 82' lang='lat' dir='ltr'>rim</span> <span class='ocrx_word' id='word_1_120' title='bbox 542 1559 650 1639; x_wconf 89' lang='lat' dir='ltr'>potuit:</span> <span class='ocrx_word' id='word_1_121' title='bbox 673 1559 830 1638; x_wconf 88' lang='lat' dir='ltr'>partimin</span> <span class='ocrx_word' id='word_1_122' title='bbox 852 1557 949 1619; x_wconf 91' lang='lat' dir='ltr'>medio</span> <span class='ocrx_word' id='word_1_123' title='bbox 974 1559 1059 1630; x_wconf 88' lang='lat' dir='ltr'>oaesi,</span> 
     </span>
     <span class='ocr_line' id='line_1_17' title="bbox 99 1641 1090 1723; baseline 0 -21"><span class='ocrx_word' id='word_1_124' title='bbox 99 1643 207 1722; x_wconf 90' lang='lat' dir='ltr'>partim</span> <span class='ocrx_word' id='word_1_125' title='bbox 229 1643 260 1702; x_wconf 93' lang='lat' dir='ltr'>in</span> <span class='ocrx_word' id='word_1_126' title='bbox 281 1642 380 1721; x_wconf 89' lang='lat' dir='ltr'>lugam</span> <span class='ocrx_word' id='word_1_127' title='bbox 408 1641 539 1723; x_wconf 90' lang='lat' dir='ltr'>dissipati</span> <span class='ocrx_word' id='word_1_128' title='bbox 556 1650 634 1704; x_wconf 90' lang='lat' dir='ltr'>sunt.</span> <span class='ocrx_word' id='word_1_129' title='bbox 671 1642 761 1723; x_wconf 90' lang='lat' dir='ltr'>pedes</span> <span class='ocrx_word' id='word_1_130' title='bbox 781 1649 927 1702; x_wconf 89' lang='lat' dir='ltr'>restantes</span> <span class='ocrx_word' id='word_1_131' title='bbox 947 1659 983 1704; x_wconf 91' lang='lat' dir='ltr'>ac</span> <span class='ocrx_word' id='word_1_132' title='bbox 1004 1643 1090 1702; x_wconf 73' lang='lat' dir='ltr'>cir-0</span> 
     </span>
     <span class='ocr_line' id='line_1_18' title="bbox 100 1724 1060 1806; baseline 0.001 -20"><span class='ocrx_word' id='word_1_133' title='bbox 100 1732 270 1787; x_wconf 84' lang='lat' dir='ltr'>cumventos</span> <span class='ocrx_word' id='word_1_134' title='bbox 286 1725 410 1794; x_wconf 76' lang='lat' dir='ltr'>cecidit:</span> <span class='ocrx_word' id='word_1_135' title='bbox 428 1725 464 1786; x_wconf 92' lang='lat' dir='ltr'>ab</span> <span class='ocrx_word' id='word_1_136' title='bbox 481 1728 578 1806; x_wconf 90' lang='lat' dir='ltr'>equite</span> <span class='ocrx_word' id='word_1_137' title='bbox 596 1727 770 1805; x_wconf 78' lang='lat' dir='ltr'>fugientium</span> <span class='ocrx_word' id='word_1_138' title='bbox 785 1734 900 1804; x_wconf 89' lang='lat' dir='ltr'>strages</span> <span class='ocrx_word' id='word_1_139' title='bbox 915 1733 959 1787; x_wconf 91' lang='lat' dir='ltr'>est</span> <span class='ocrx_word' id='word_1_140' title='bbox 973 1724 1060 1796; x_wconf 85' lang='lat' dir='ltr'>iacta,</span> 
     </span>
     <span class='ocr_line' id='line_1_19' title="bbox 98 1809 700 1889; baseline 0.002 -19"><span class='ocrx_word' id='word_1_141' title='bbox 98 1811 178 1870; x_wconf 89' lang='lat' dir='ltr'>inter</span> <span class='ocrx_word' id='word_1_142' title='bbox 192 1827 266 1889; x_wconf 90' lang='lat' dir='ltr'>quos</span> <span class='ocrx_word' id='word_1_143' title='bbox 283 1815 312 1870; x_wconf 87' lang='lat' dir='ltr'>et</span> <span class='ocrx_word' id='word_1_144' title='bbox 328 1810 392 1889; x_wconf 91' lang='lat' dir='ltr'>lpse</span> <span class='ocrx_word' id='word_1_145' title='bbox 407 1809 568 1888; x_wconf 88' lang='lat' dir='ltr'>imperator</span> <span class='ocrx_word' id='word_1_146' title='bbox 585 1810 700 1872; x_wconf 87' lang='lat' dir='ltr'>cecidit.</span> 
     </span>
    </p>

    <p class='ocr_par' dir='ltr' id='par_1_3' title="bbox 97 1892 1104 3564">
     <span class='ocr_line' id='line_1_20' title="bbox 163 1892 1104 1974; baseline 0.004 -22"><span class='ocrx_word' id='word_1_147' title='bbox 163 1893 227 1952; x_wconf 87' lang='lat' dir='ltr'>Hoc</span> <span class='ocrx_word' id='word_1_148' title='bbox 244 1893 362 1954; x_wconf 89' lang='lat' dir='ltr'>demum</span> <span class='ocrx_word' id='word_1_149' title='bbox 379 1892 525 1972; x_wconf 88' lang='lat' dir='ltr'>proelium</span> <span class='ocrx_word' id='word_1_150' title='bbox 549 1895 723 1956; x_wconf 88' lang='lat' dir='ltr'>Samnitium</span> <span class='ocrx_word' id='word_1_151' title='bbox 745 1913 794 1956; x_wconf 93' lang='lat' dir='ltr'>res</span> <span class='ocrx_word' id='word_1_152' title='bbox 816 1896 856 1955; x_wconf 89' lang='lat' dir='ltr'>ita</span> <span class='ocrx_word' id='word_1_153' title='bbox 871 1894 1006 1974; x_wconf 88' lang='lat' dir='ltr'>inlregit,</span> <span class='ocrx_word' id='word_1_154' title='bbox 1027 1905 1061 1958; x_wconf 91' lang='lat' dir='ltr'>ut</span> <span class='ocrx_word' id='word_1_155' title='bbox 1071 1901 1104 1956; x_wconf 85' lang='lat' dir='ltr'>to</span> 
     </span>
     <span class='ocr_line' id='line_1_21' title="bbox 101 1975 1058 2058; baseline 0.003 -21"><span class='ocrx_word' id='word_1_156' title='bbox 101 1975 377 2038; x_wconf 89' lang='lat' dir='ltr'>omnibusconciliis</span> <span class='ocrx_word' id='word_1_157' title='bbox 388 1977 553 2038; x_wconf 84' lang='lat' dir='ltr'>tremerent</span> <span class='ocrx_word' id='word_1_158' title='bbox 564 1979 685 2039; x_wconf 92' lang='lat' dir='ltr'>minime</span> <span class='ocrx_word' id='word_1_159' title='bbox 695 1979 725 2039; x_wconf 95' lang='lat' dir='ltr'>id</span> <span class='ocrx_word' id='word_1_160' title='bbox 732 1978 850 2058; x_wconf 90' lang='lat' dir='ltr'>quidem</span> <span class='ocrx_word' id='word_1_161' title='bbox 866 1980 974 2040; x_wconf 92' lang='lat' dir='ltr'>mirum</span> <span class='ocrx_word' id='word_1_162' title='bbox 985 1997 1058 2050; x_wconf 88' lang='lat' dir='ltr'>esse,</span> 
     </span>
     <span class='ocr_line' id='line_1_22' title="bbox 99 2059 1059 2142; baseline 0.005 -22"><span class='ocrx_word' id='word_1_163' title='bbox 99 2061 125 2120; x_wconf 93' lang='lat' dir='ltr'>si</span> <span class='ocrx_word' id='word_1_164' title='bbox 141 2061 222 2137; x_wconf 92' lang='lat' dir='ltr'>inpio</span> <span class='ocrx_word' id='word_1_165' title='bbox 236 2059 315 2123; x_wconf 90' lang='lat' dir='ltr'>bello</span> <span class='ocrx_word' id='word_1_166' title='bbox 332 2067 362 2121; x_wconf 89' lang='lat' dir='ltr'>et</span> <span class='ocrx_word' id='word_1_167' title='bbox 377 2068 480 2122; x_wconf 89' lang='lat' dir='ltr'>contra</span> <span class='ocrx_word' id='word_1_168' title='bbox 495 2061 599 2123; x_wconf 89' lang='lat' dir='ltr'>ioedus</span> <span class='ocrx_word' id='word_1_169' title='bbox 614 2070 765 2142; x_wconf 89' lang='lat' dir='ltr'>suscepto,</span> <span class='ocrx_word' id='word_1_170' title='bbox 782 2061 983 2124; x_wconf 82' lang='lat' dir='ltr'>infestioribus</span> <span class='ocrx_word' id='word_1_171' title='bbox 997 2081 1059 2125; x_wconf 89' lang='lat' dir='ltr'>me·</span> 
     </span>
     <span class='ocr_line' id='line_1_23' title="bbox 98 2143 1060 2227; baseline 0.002 -22"><span class='ocrx_word' id='word_1_172' title='bbox 98 2145 157 2205; x_wconf 91' lang='lat' dir='ltr'>rito</span> <span class='ocrx_word' id='word_1_173' title='bbox 169 2143 231 2205; x_wconf 91' lang='lat' dir='ltr'>deis</span> <span class='ocrx_word' id='word_1_174' title='bbox 242 2163 330 2225; x_wconf 90' lang='lat' dir='ltr'>quam</span> <span class='ocrx_word' id='word_1_175' title='bbox 346 2144 530 2216; x_wconf 90' lang='lat' dir='ltr'>hominibus,</span> <span class='ocrx_word' id='word_1_176' title='bbox 546 2145 619 2206; x_wconf 91' lang='lat' dir='ltr'>nihil</span> <span class='ocrx_word' id='word_1_177' title='bbox 633 2164 776 2226; x_wconf 88' lang='lat' dir='ltr'>prospere</span> <span class='ocrx_word' id='word_1_178' title='bbox 787 2152 923 2224; x_wconf 88' lang='lat' dir='ltr'>agerent:</span> <span class='ocrx_word' id='word_1_179' title='bbox 940 2148 1060 2227; x_wconf 88' lang='lat' dir='ltr'>expian-</span> 
     </span>
     <span class='ocr_line' id='line_1_24' title="bbox 99 2225 1103 2309; baseline 0.001 -22"><span class='ocrx_word' id='word_1_180' title='bbox 99 2226 171 2288; x_wconf 95' lang='lat' dir='ltr'>dum</span> <span class='ocrx_word' id='word_1_181' title='bbox 185 2225 216 2288; x_wconf 94' lang='lat' dir='ltr'>id</span> <span class='ocrx_word' id='word_1_182' title='bbox 237 2226 348 2289; x_wconf 83' lang='lat' dir='ltr'>bobum</span> <span class='ocrx_word' id='word_1_183' title='bbox 374 2247 480 2308; x_wconf 84' lang='lat' dir='ltr'>magna</span> <span class='ocrx_word' id='word_1_184' title='bbox 500 2228 639 2290; x_wconf 88' lang='lat' dir='ltr'>mercede</span> <span class='ocrx_word' id='word_1_185' title='bbox 658 2228 857 2309; x_wconf 89' lang='lat' dir='ltr'>luendumque</span> <span class='ocrx_word' id='word_1_186' title='bbox 874 2247 952 2299; x_wconf 90' lang='lat' dir='ltr'>esse;</span> <span class='ocrx_word' id='word_1_187' title='bbox 967 2230 998 2291; x_wconf 94' lang='lat' dir='ltr'>id</span> <span class='ocrx_word' id='word_1_188' title='bbox 1013 2249 1060 2292; x_wconf 90' lang='lat' dir='ltr'>re·</span> <span class='ocrx_word' id='word_1_189' title='bbox 1073 2236 1103 2290; x_wconf 91' lang='lat'>11</span> 
     </span>
     <span class='ocr_line' id='line_1_25' title="bbox 98 2310 1059 2393; baseline 0.006 -23"><span class='ocrx_word' id='word_1_190' title='bbox 98 2310 180 2371; x_wconf 86' lang='lat' dir='ltr'>lerre</span> <span class='ocrx_word' id='word_1_191' title='bbox 190 2317 314 2380; x_wconf 92' lang='lat' dir='ltr'>tantum,</span> <span class='ocrx_word' id='word_1_192' title='bbox 329 2317 429 2374; x_wconf 90' lang='lat' dir='ltr'>utrum</span> <span class='ocrx_word' id='word_1_193' title='bbox 441 2312 583 2393; x_wconf 90' lang='lat' dir='ltr'>supplicia</span> <span class='ocrx_word' id='word_1_194' title='bbox 596 2315 684 2373; x_wconf 86' lang='lat' dir='ltr'>noxio</span> <span class='ocrx_word' id='word_1_195' title='bbox 702 2331 863 2392; x_wconf 89' lang='lat' dir='ltr'>paucorum</span> <span class='ocrx_word' id='word_1_196' title='bbox 878 2332 915 2374; x_wconf 90' lang='lat' dir='ltr'>an</span> <span class='ocrx_word' id='word_1_197' title='bbox 927 2315 1059 2376; x_wconf 89' lang='lat' dir='ltr'>omnium</span> 
     </span>
     <span class='ocr_line' id='line_1_26' title="bbox 97 2394 1059 2477; baseline 0.005 -23"><span class='ocrx_word' id='word_1_198' title='bbox 97 2395 221 2455; x_wconf 82' lang='lat' dir='ltr'>innoxio</span> <span class='ocrx_word' id='word_1_199' title='bbox 236 2394 397 2476; x_wconf 88' lang='lat' dir='ltr'>praebeant</span> <span class='ocrx_word' id='word_1_200' title='bbox 409 2399 567 2476; x_wconf 81' lang='lat' dir='ltr'>sanguine3</span> <span class='ocrx_word' id='word_1_201' title='bbox 582 2394 788 2477; x_wconf 86' lang='lat' dir='ltr'>audebantque</span> <span class='ocrx_word' id='word_1_202' title='bbox 802 2399 860 2458; x_wconf 90' lang='lat' dir='ltr'>iam</span> <span class='ocrx_word' id='word_1_203' title='bbox 870 2397 988 2477; x_wconf 92' lang='lat' dir='ltr'>quidam</span> <span class='ocrx_word' id='word_1_204' title='bbox 1007 2415 1059 2459; x_wconf 95' lang='lat' dir='ltr'>no·</span> 
     </span>
     <span class='ocr_line' id='line_1_27' title="bbox 98 2480 1103 2561; baseline 0 -21"><span class='ocrx_word' id='word_1_205' title='bbox 98 2480 213 2540; x_wconf 92' lang='lat' dir='ltr'>minare</span> <span class='ocrx_word' id='word_1_206' title='bbox 225 2486 360 2540; x_wconf 87' lang='lat' dir='ltr'>auctores</span> <span class='ocrx_word' id='word_1_207' title='bbox 372 2499 532 2543; x_wconf 92' lang='lat' dir='ltr'>armorum.</span> <span class='ocrx_word' id='word_1_208' title='bbox 551 2499 642 2542; x_wconf 92' lang='lat' dir='ltr'>unum</span> <span class='ocrx_word' id='word_1_209' title='bbox 658 2482 784 2542; x_wconf 85' lang='lat' dir='ltr'>maxime</span> <span class='ocrx_word' id='word_1_210' title='bbox 796 2499 905 2542; x_wconf 89' lang='lat' dir='ltr'>nomen</span> <span class='ocrx_word' id='word_1_211' title='bbox 916 2500 970 2561; x_wconf 90' lang='lat' dir='ltr'>per</span> <span class='ocrx_word' id='word_1_212' title='bbox 985 2499 1055 2543; x_wconf 91' lang='lat' dir='ltr'>con·</span> <span class='ocrx_word' id='word_1_213' title='bbox 1071 2490 1103 2542; x_wconf 80' lang='lat' dir='ltr'>ta</span> 
     </span>
     <span class='ocr_line' id='line_1_28' title="bbox 97 2563 1059 2644; baseline 0.004 -22"><span class='ocrx_word' id='word_1_214' title='bbox 97 2579 218 2622; x_wconf 85' lang='lat' dir='ltr'>sensnm</span> <span class='ocrx_word' id='word_1_215' title='bbox 230 2563 420 2624; x_wconf 88' lang='lat' dir='ltr'>clamantium</span> <span class='ocrx_word' id='word_1_216' title='bbox 436 2563 551 2626; x_wconf 90' lang='lat' dir='ltr'>Brutuli</span> <span class='ocrx_word' id='word_1_217' title='bbox 558 2565 631 2644; x_wconf 90' lang='lat' dir='ltr'>Papi</span> <span class='ocrx_word' id='word_1_218' title='bbox 646 2564 865 2626; x_wconf 85' lang='lat' dir='ltr'>exaudiebatur.</span> <span class='ocrx_word' id='word_1_219' title='bbox 893 2567 939 2626; x_wconf 84' lang='lat' dir='ltr'>vir</span> <span class='ocrx_word' id='word_1_220' title='bbox 951 2564 1059 2627; x_wconf 89' lang='lat' dir='ltr'>nobilis</span> 
     </span>
     <span class='ocr_line' id='line_1_29' title="bbox 97 2646 1059 2728; baseline 0.004 -22"><span class='ocrx_word' id='word_1_221' title='bbox 97 2652 262 2728; x_wconf 87' lang='lat' dir='ltr'>potensque</span> <span class='ocrx_word' id='word_1_222' title='bbox 271 2654 343 2718; x_wconf 88' lang='lat' dir='ltr'>erat,</span> <span class='ocrx_word' id='word_1_223' title='bbox 356 2646 530 2710; x_wconf 88' lang='lat' dir='ltr'>hauddubie</span> <span class='ocrx_word' id='word_1_224' title='bbox 541 2650 742 2728; x_wconf 83' lang='lat' dir='ltr'>proximarum</span> <span class='ocrx_word' id='word_1_225' title='bbox 754 2647 934 2710; x_wconf 87' lang='lat' dir='ltr'>indutiarum</span> <span class='ocrx_word' id='word_1_226' title='bbox 945 2655 1059 2728; x_wconf 90' lang='lat' dir='ltr'>ruptor.</span> 
     </span>
     <span class='ocr_line' id='line_1_30' title="bbox 98 2729 1102 2809; baseline 0.002 -19"><span class='ocrx_word' id='word_1_227' title='bbox 98 2729 136 2790; x_wconf 91' lang='lat' dir='ltr'>de</span> <span class='ocrx_word' id='word_1_228' title='bbox 153 2747 188 2790; x_wconf 90' lang='lat' dir='ltr'>eo</span> <span class='ocrx_word' id='word_1_229' title='bbox 203 2732 297 2793; x_wconf 89' lang='lat' dir='ltr'>coacti</span> <span class='ocrx_word' id='word_1_230' title='bbox 311 2729 425 2791; x_wconf 77' lang='lat' dir='ltr'>referre</span> <span class='ocrx_word' id='word_1_231' title='bbox 435 2737 592 2809; x_wconf 87' lang='lat' dir='ltr'>&#39;praetores</span> <span class='ocrx_word' id='word_1_232' title='bbox 602 2732 754 2792; x_wconf 90' lang='lat' dir='ltr'>decretum</span> <span class='ocrx_word' id='word_1_233' title='bbox 769 2731 920 2802; x_wconf 89' lang='lat' dir='ltr'>lecerunt,</span> <span class='ocrx_word' id='word_1_234' title='bbox 936 2739 970 2793; x_wconf 87' lang='lat' dir='ltr'>ut</span> <span class='ocrx_word' id='word_1_235' title='bbox 980 2731 1055 2793; x_wconf 89' lang='lat' dir='ltr'>Bru·</span> <span class='ocrx_word' id='word_1_236' title='bbox 1069 2740 1102 2792; x_wconf 84' lang='lat' dir='ltr'>la</span> 
     </span>
     <span class='ocr_line' id='line_1_31' title="bbox 98 2811 1060 2896; baseline 0.003 -23"><span class='ocrx_word' id='word_1_237' title='bbox 98 2811 179 2874; x_wconf 87' lang='lat' dir='ltr'>tulus</span> <span class='ocrx_word' id='word_1_238' title='bbox 195 2813 304 2893; x_wconf 90' lang='lat' dir='ltr'>Papius</span> <span class='ocrx_word' id='word_1_239' title='bbox 318 2813 459 2875; x_wconf 86' lang='lat' dir='ltr'>Romanis</span> <span class='ocrx_word' id='word_1_240' title='bbox 474 2813 647 2885; x_wconf 86' lang='lat' dir='ltr'>dederetur,</span> <span class='ocrx_word' id='word_1_241' title='bbox 664 2824 772 2876; x_wconf 92' lang='lat' dir='ltr'>etcum</span> <span class='ocrx_word' id='word_1_242' title='bbox 789 2832 824 2876; x_wconf 90' lang='lat' dir='ltr'>eo</span> <span class='ocrx_word' id='word_1_243' title='bbox 838 2815 948 2896; x_wconf 90' lang='lat' dir='ltr'>praeda</span> <span class='ocrx_word' id='word_1_244' title='bbox 963 2818 1060 2878; x_wconf 91' lang='lat' dir='ltr'>omnis</span> 
     </span>
     <span class='ocr_line' id='line_1_32' title="bbox 98 2895 1060 2980; baseline 0.005 -24"><span class='ocrx_word' id='word_1_245' title='bbox 98 2895 231 2957; x_wconf 83' lang='lat' dir='ltr'>Romana</span> <span class='ocrx_word' id='word_1_246' title='bbox 244 2898 406 2977; x_wconf 79' lang='lat' dir='ltr'>captivique</span> <span class='ocrx_word' id='word_1_247' title='bbox 417 2904 450 2958; x_wconf 89' lang='lat' dir='ltr'>ut</span> <span class='ocrx_word' id='word_1_248' title='bbox 460 2897 583 2959; x_wconf 84' lang='lat' dir='ltr'>Romam</span> <span class='ocrx_word' id='word_1_249' title='bbox 595 2900 792 2970; x_wconf 89' lang='lat' dir='ltr'>mitterentur,</span> <span class='ocrx_word' id='word_1_250' title='bbox 801 2917 935 2980; x_wconf 90' lang='lat' dir='ltr'>quaeque</span> <span class='ocrx_word' id='word_1_251' title='bbox 945 2918 995 2962; x_wconf 90' lang='lat' dir='ltr'>res</span> <span class='ocrx_word' id='word_1_252' title='bbox 1005 2919 1060 2980; x_wconf 91' lang='lat' dir='ltr'>per</span> 
     </span>
     <span class='ocr_line' id='line_1_33' title="bbox 99 2977 1060 3064; baseline 0.008 -28"><span class='ocrx_word' id='word_1_253' title='bbox 99 2977 213 3038; x_wconf 83' lang='lat' dir='ltr'>fetiales</span> <span class='ocrx_word' id='word_1_254' title='bbox 227 2997 263 3040; x_wconf 87' lang='lat' dir='ltr'>ex</span> <span class='ocrx_word' id='word_1_255' title='bbox 279 2980 399 3041; x_wconf 87' lang='lat' dir='ltr'>loedere</span> <span class='ocrx_word' id='word_1_256' title='bbox 416 2984 559 3061; x_wconf 88' lang='lat' dir='ltr'>repetitae</span> <span class='ocrx_word' id='word_1_257' title='bbox 575 2991 687 3056; x_wconf 87' lang='lat' dir='ltr'>essent,</span> <span class='ocrx_word' id='word_1_258' title='bbox 713 2983 874 3044; x_wconf 91' lang='lat' dir='ltr'>secundum</span> <span class='ocrx_word' id='word_1_259' title='bbox 891 2986 938 3044; x_wconf 89' lang='lat' dir='ltr'>ius</span> <span class='ocrx_word' id='word_1_260' title='bbox 958 2984 1060 3064; x_wconf 84' lang='lat' dir='ltr'>sasque</span> 
     </span>
     <span class='ocr_line' id='line_1_34' title="bbox 100 3061 1102 3136; baseline 0.004 -16"><span class='ocrx_word' id='word_1_261' title='bbox 100 3061 335 3124; x_wconf 88' lang='lat' dir='ltr'>restituerentur.</span> <span class='ocrx_word' id='word_1_262' title='bbox 364 3063 478 3125; x_wconf 81' lang='lat' dir='ltr'>fetiales</span> <span class='ocrx_word' id='word_1_263' title='bbox 494 3066 632 3136; x_wconf 89' lang='lat' dir='ltr'>llomam,</span> <span class='ocrx_word' id='word_1_264' title='bbox 652 3073 686 3127; x_wconf 93' lang='lat' dir='ltr'>ut</span> <span class='ocrx_word' id='word_1_265' title='bbox 701 3067 893 3136; x_wconf 88' lang='lat' dir='ltr'>censuerunt,</span> <span class='ocrx_word' id='word_1_266' title='bbox 921 3067 1002 3126; x_wconf 91' lang='lat' dir='ltr'>missi</span> <span class='ocrx_word' id='word_1_267' title='bbox 1028 3073 1057 3128; x_wconf 93' lang='lat' dir='ltr'>et</span> <span class='ocrx_word' id='word_1_268' title='bbox 1069 3075 1102 3124; x_wconf 77' lang='lat' dir='ltr'>ta</span> 
     </span>
     <span class='ocr_line' id='line_1_35' title="bbox 100 3143 1058 3228; baseline 0.007 -24"><span class='ocrx_word' id='word_1_269' title='bbox 100 3161 209 3223; x_wconf 88' lang='lat' dir='ltr'>corpus</span> <span class='ocrx_word' id='word_1_270' title='bbox 221 3143 337 3205; x_wconf 87' lang='lat' dir='ltr'>Brutuli</span> <span class='ocrx_word' id='word_1_271' title='bbox 353 3149 500 3209; x_wconf 86' lang='lat' dir='ltr'>examine:</span> <span class='ocrx_word' id='word_1_272' title='bbox 520 3151 583 3228; x_wconf 90' lang='lat' dir='ltr'>ipse</span> <span class='ocrx_word' id='word_1_273' title='bbox 597 3155 693 3212; x_wconf 89' lang='lat' dir='ltr'>morte</span> <span class='ocrx_word' id='word_1_274' title='bbox 706 3149 867 3210; x_wconf 81' lang='lat' dir='ltr'>voluntaria</span> <span class='ocrx_word' id='word_1_275' title='bbox 880 3151 1058 3227; x_wconf 89' lang='lat' dir='ltr'>ignominiae</span> 
     </span>
     <span class='ocr_line' id='line_1_36' title="bbox 98 3227 1101 3312; baseline 0.004 -24"><span class='ocrx_word' id='word_1_276' title='bbox 98 3245 131 3289; x_wconf 89' lang='lat' dir='ltr'>se</span> <span class='ocrx_word' id='word_1_277' title='bbox 143 3246 178 3288; x_wconf 90' lang='lat' dir='ltr'>ac</span> <span class='ocrx_word' id='word_1_278' title='bbox 188 3227 332 3308; x_wconf 86' lang='lat' dir='ltr'>supplicio</span> <span class='ocrx_word' id='word_1_279' title='bbox 343 3229 494 3312; x_wconf 84' lang='lat' dir='ltr'>subtraxit.</span> <span class='ocrx_word' id='word_1_280' title='bbox 516 3232 627 3310; x_wconf 88' lang='lat' dir='ltr'>placuit</span> <span class='ocrx_word' id='word_1_281' title='bbox 635 3251 703 3293; x_wconf 92' lang='lat' dir='ltr'>cum</span> <span class='ocrx_word' id='word_1_282' title='bbox 714 3249 840 3310; x_wconf 90' lang='lat' dir='ltr'>corpore</span> <span class='ocrx_word' id='word_1_283' title='bbox 851 3231 929 3292; x_wconf 91' lang='lat' dir='ltr'>bona</span> <span class='ocrx_word' id='word_1_284' title='bbox 940 3251 1056 3312; x_wconf 89' lang='lat' dir='ltr'>quoque</span> <span class='ocrx_word' id='word_1_285' title='bbox 1069 3241 1101 3292; x_wconf 82' lang='lat'>15</span> 
     </span>
     <span class='ocr_line' id='line_1_37' title="bbox 98 3311 1059 3396; baseline 0.005 -23"><span class='ocrx_word' id='word_1_286' title='bbox 98 3312 163 3373; x_wconf 86' lang='lat' dir='ltr'>elus</span> <span class='ocrx_word' id='word_1_287' title='bbox 178 3311 255 3373; x_wconf 89' lang='lat' dir='ltr'>dedi.</span> <span class='ocrx_word' id='word_1_288' title='bbox 271 3311 345 3372; x_wconf 89' lang='lat' dir='ltr'>nihil</span> <span class='ocrx_word' id='word_1_289' title='bbox 360 3319 459 3376; x_wconf 90' lang='lat' dir='ltr'>tamen</span> <span class='ocrx_word' id='word_1_290' title='bbox 476 3334 576 3378; x_wconf 91' lang='lat' dir='ltr'>carum</span> <span class='ocrx_word' id='word_1_291' title='bbox 596 3332 697 3377; x_wconf 88' lang='lat' dir='ltr'>rerum</span> <span class='ocrx_word' id='word_1_292' title='bbox 711 3322 830 3396; x_wconf 87' lang='lat' dir='ltr'>praeter</span> <span class='ocrx_word' id='word_1_293' title='bbox 844 3317 972 3395; x_wconf 82' lang='lat' dir='ltr'>captivos</span> <span class='ocrx_word' id='word_1_294' title='bbox 984 3334 1018 3377; x_wconf 87' lang='lat' dir='ltr'>ae</span> <span class='ocrx_word' id='word_1_295' title='bbox 1033 3319 1059 3378; x_wconf 92' lang='lat' dir='ltr'>si</span> 
     </span>
     <span class='ocr_line' id='line_1_38' title="bbox 98 3398 1058 3480; baseline 0.005 -23"><span class='ocrx_word' id='word_1_296' title='bbox 98 3413 156 3476; x_wconf 90' lang='lat' dir='ltr'>qua</span> <span class='ocrx_word' id='word_1_297' title='bbox 168 3398 285 3475; x_wconf 88' lang='lat' dir='ltr'>cognita</span> <span class='ocrx_word' id='word_1_298' title='bbox 295 3414 331 3458; x_wconf 82' lang='lat' dir='ltr'>ex</span> <span class='ocrx_word' id='word_1_299' title='bbox 342 3398 451 3477; x_wconf 88' lang='lat' dir='ltr'>praeda</span> <span class='ocrx_word' id='word_1_300' title='bbox 465 3407 534 3460; x_wconf 90' lang='lat' dir='ltr'>sunt</span> <span class='ocrx_word' id='word_1_301' title='bbox 545 3407 697 3480; x_wconf 89' lang='lat' dir='ltr'>acceptum</span> <span class='ocrx_word' id='word_1_302' title='bbox 709 3405 767 3468; x_wconf 87' lang='lat' dir='ltr'>est;</span> <span class='ocrx_word' id='word_1_303' title='bbox 780 3406 945 3460; x_wconf 88' lang='lat' dir='ltr'>ceterarum</span> <span class='ocrx_word' id='word_1_304' title='bbox 957 3417 1058 3462; x_wconf 90' lang='lat' dir='ltr'>rerum</span> 
     </span>
     <span class='ocr_line' id='line_1_39' title="bbox 98 3480 1057 3564; baseline 0.006 -24"><span class='ocrx_word' id='word_1_305' title='bbox 98 3481 187 3541; x_wconf 88' lang='lat' dir='ltr'>inrita</span> <span class='ocrx_word' id='word_1_306' title='bbox 199 3481 254 3542; x_wconf 91' lang='lat' dir='ltr'>luit</span> <span class='ocrx_word' id='word_1_307' title='bbox 267 3480 385 3544; x_wconf 89' lang='lat' dir='ltr'>deditio.</span> <span class='ocrx_word' id='word_1_308' title='bbox 402 3483 527 3545; x_wconf 91' lang='lat' dir='ltr'>dictator</span> <span class='ocrx_word' id='word_1_309' title='bbox 542 3491 705 3546; x_wconf 85' lang='lat' dir='ltr'>exsenatus</span> <span class='ocrx_word' id='word_1_310' title='bbox 717 3481 849 3545; x_wconf 90' lang='lat' dir='ltr'>consulto</span> <span class='ocrx_word' id='word_1_311' title='bbox 858 3483 1057 3564; x_wconf 83' lang='lat' dir='ltr'>triumphavit.</span> 
     </span>
    </p>
   </div>
   <div class='ocr_carea' id='block_1_3' title="bbox 0 0 1278 3936">
    <p class='ocr_par' dir='ltr' id='par_1_4' title="bbox 0 0 1278 3936">
     <span class='ocr_line' id='line_1_40' title="bbox 0 0 1278 3936; baseline 0 0"><span class='ocrx_word' id='word_1_312' title='bbox 0 0 1278 3936; x_wconf 95' lang='lat' dir='ltr'> </span> 
     </span>
    </p>
   </div>
  </div>
 </body>
</html>
