2532 3938
360 181 453 225 crans
470 183 525 227 ru.
543 183 612 226 our.
627 171 653 223 t.
671 174 696 225 7.
715 163 754 248 [a.
771 167 806 230 O.
822 166 884 248 ³02]
908 227 910 232 ,
1079 175 1101 236 ‘1

142 335 279 414 quiquam
291 331 427 402 misisset,
441 333 539 412 primo
551 353 667 414 quoque
682 334 729 394 die
742 333 896 396 ferendum
911 334 947 396 ad
958 333 1100 415 populum

142 417 178 478 de
198 415 276 478 bello
288 415 445 478 indicendo
456 416 592 477 Hernicis
609 419 731 488 censuit,
746 416 930 498 populusque
944 419 974 479 ld
989 417 1100 480 bellum

141 502 282 581 frequens
299 501 391 560 iussit.
413 500 445 561 L.
459 501 589 562 Genucio
603 500 716 562 consuli
731 520 765 563 ea
779 504 928 582 provincia
943 510 1022 564 sorte
1034 521 1100 564 ere·
1116 501 1134 554 ⁸

140 587 192 646 nit.
219 586 251 644 in
265 585 467 663 expectatione
481 586 582 646 civitas
598 591 670 658 erat,
682 586 761 664 quod
775 587 889 664 primus
900 585 949 646 ille
963 586 1000 647 de
1013 587 1101 666 plebe

141 667 243 729 consul
259 667 370 729 bellum
384 671 444 729 suis
455 670 591 748 auspiciis
601 677 736 748 gesturus
750 677 835 741 esset,
849 670 972 748 perinde
986 678 1019 731 nt
1034 689 1099 730 eve-

141 755 232 814 nisset
249 770 311 821 res,
335 753 374 812 ita
390 754 621 814 communicatos
642 754 771 814 honores
788 772 843 832 pro
857 753 933 814 bene
949 761 1000 815 aut
1016 771 1101 814 secus

141 835 275 897 consulto
292 835 435 897 habitura.
457 836 534 896 forte
548 839 587 897 ita
605 837 672 898 tulit
682 855 775 908 casus,
791 845 824 898 ut
835 838 982 898 Genucius
996 838 1032 898 ad
1047 837 1132 898 hot

140 928 201 981 stes
220 937 327 999 magno
347 927 453 980 conatu
473 920 625 1000 profectus
644 922 675 980 in
695 921 817 982 insidias
831 923 1053 1001 praecipitaret,
1072 929 1102 982 ct

139 1003 306 1083 legionibus
325 1006 500 1084 necopinato
520 1023 628 1083 pavore
651 1005 723 1065 fusis
745 1004 860 1074 consul,
884 1007 1099 1066 circumventus

140 1089 177 1150 ab
192 1089 301 1158 inseiis,
320 1106 408 1168 quem
421 1090 656 1167 intercepissent,
672 1089 864 1150 occideretur.
894 1089 973 1168 qnod
990 1088 1041 1148 ubi
1055 1093 1142 1149 estio

140 1173 263 1234 Romam
281 1173 454 1242 nuntiatum,
470 1189 655 1252 nequaquam
672 1178 784 1233 tantum
803 1171 1099 1251 publicacalamitate

140 1257 244 1318 maesti
253 1264 361 1334 patres,
378 1263 519 1335 mantum
535 1256 650 1317 feroces
663 1256 774 1316 infelici
789 1255 917 1317 consulis
931 1256 1031 1335 plebei
1045 1257 1099 1316 du·

140 1347 189 1401 ctu
213 1338 343 1400 fremunt
364 1338 501 1400 omnibus
522 1338 610 1400 locis:
636 1341 726 1410 irent,
752 1347 887 1400 crearent
906 1339 1042 1400 consules
1063 1357 1099 1400 ex

140 1422 236 1503 plebe,
255 1423 450 1483 transferrent
467 1425 603 1502 auspicia,
617 1441 674 1503 quo
692 1423 775 1484 nefas
790 1431 876 1484 esset.
906 1424 1035 1501 potuisse
1045 1441 1097 1502 pa·
1109 1433 1140 1484 lt

141 1515 202 1568 tres
222 1504 302 1584 plebi
322 1507 394 1567 scito
412 1505 482 1586 pelli
496 1506 658 1568 honoribus
679 1508 754 1576 suis;
775 1525 846 1567 num
867 1507 955 1568 etiarn
975 1508 1006 1566 in
1028 1506 1099 1567 deos
1156 1507 1157 1512 ’

141 1588 311 1651 Inmortales
330 1590 541 1670 inauspicatam
558 1590 654 1670 legem
678 1589 818 1652 valuisset
829 1607 831 1612 ’
842 1590 1003 1652 vindicasse
1019 1591 1099 1669 ipsos

139 1692 224 1735 suum
241 1690 359 1744 numen,
378 1693 431 1735 sun
448 1676 586 1753 auspicia,
603 1694 678 1754 quae
694 1681 727 1734 ut
742 1677 870 1753 primum
890 1679 1024 1735 contacta
1041 1675 1100 1734 sint

119 1757 176 1822 -ab
191 1773 235 1828 eo,
249 1775 265 1817 a
281 1776 339 1836 quo
357 1776 413 1818 nec
425 1760 471 1818 ius
487 1775 543 1817 uec
558 1758 602 1819 fas
617 1759 714 1829 fuerit,
730 1758 859 1818 deletum
873 1776 941 1818 cum
956 1758 1031 1819 duce
1048 1777 1098 1819 ex-

140 1842 264 1916 ercitum
281 1841 458 1902 documento
473 1841 571 1912 fuisse,
586 1860 624 1903 ne
639 1841 745 1902 deinde
760 1841 877 1902 turbato
888 1844 1019 1920 gentium
1034 1845 1099 1903 iure

140 1926 258 1985 comitia
272 1924 461 1986 haberentur.
495 1925 540 1985 fris
557 1925 676 1986 vocibus
693 1927 773 1987 curia
792 1932 819 1985 et
837 1925 1141 2004 inrumpersouat.12

139 2009 192 2088 dp.
209 2007 369 2080 Claudium,
385 2011 451 2088 quia
468 2009 645 2070 dissuaserat
658 2008 762 2088 legem,
778 2010 888 2069 maiore
906 2015 984 2070 nun'c
999 2016 1098 2070 aucto·

139 2094 225 2153 ritate
241 2101 377 2154 eventum
394 2093 568 2172 reprehensi
582 2091 618 2154 ab
634 2112 666 2153 se
678 2092 792 2152 consilii
802 2094 993 2164 incusantem,
1007 2093 1098 2153 dicta·

142 2194 234 2239 orem
256 2194 401 2237 consensu
423 2179 614 2255 patriciorum
631 2175 770 2238 Servilius
794 2176 897 2236 consul
917 2177 1000 2247 dicit,
1027 2176 1098 2237 dile·

140 2267 261 2339 ctusque
276 2267 305 2320 et
319 2260 462 2321 iustitium
477 2260 628 2320 indictum.

199 2343 258 2405 Vll.
278 2344 452 2423 Priusquam
468 2343 593 2404 dictator
606 2342 795 2422 legionesque
806 2359 898 2403 norae
913 2345 945 2403 in
956 2343 1100 2406 Hernicos
1116 2349 1129 2399 1

140 2427 282 2499 venirent,
300 2427 388 2488 ductu
405 2428 435 2488 C.
452 2426 563 2505 Sulpici
579 2426 667 2506 legati
681 2444 730 2487 res
746 2444 801 2506 per
816 2428 1000 2489 occasionem
1016 2433 1098 2505 gesta

139 2512 257 2589 egregie
278 2519 332 2572 est.
369 2513 400 2572 in
415 2511 577 2582 Hernicos,
593 2516 689 2572 morte
710 2510 837 2571 consulis
855 2511 1046 2589 contemptim
1063 2510 1131 2570 adt

139 2600 234 2655 castra
249 2595 381 2656 Romana
397 2614 463 2657 cum
478 2595 555 2656 haud
572 2595 659 2656 dubia
675 2594 862 2674 expugnandi
873 2613 926 2673 spe
939 2593 1099 2654 succeden-

138 2684 191 2748 tes,
207 2678 345 2740 hortante
362 2678 458 2758 legato
474 2686 503 2739 et
517 2678 613 2758 plenis
633 2681 695 2740 irae
711 2688 798 2758 atque
820 2678 1001 2756 indignitatis
1021 2677 1098 2738 mili-

137 2769 198 2823 tum
215 2763 320 2824 animis
335 2765 451 2842 eruptio
466 2770 510 2824 est
521 2762 607 2824 facta.
633 2761 756 2824 multum
772 2761 809 2822 ab
824 2781 876 2841 spe
890 2762 1017 2824 adeundi
1031 2759 1098 2824 valli

137 2862 187 2906 res
197 2846 332 2907 Hernicis
346 2847 431 2908 afuit:
449 2847 522 2907 adeo
536 2847 661 2908 turbatis
672 2846 740 2908 inde
755 2846 908 2908 ordinibus
919 2846 1097 2908 abscessere.
1113 2853 1130 2906 t

138 2928 288 2990 dictatoris
308 2930 414 2991 deinde
429 2931 554 2992 adventu
575 2948 666 2992 nouus
685 2933 778 2992 reteri
795 2934 941 2993 exercitus
956 2932 1097 3009 iungitur,

138 3017 169 3070 et
187 3015 288 3091 copiae
310 3012 511 3093 duplicantnr;
534 3022 563 3076 et
583 3033 638 3095 pro
663 3016 798 3076 contione
819 3016 944 3076 dictator
964 3013 1098 3075 laudibus

138 3092 226 3172 legati
248 3095 445 3178 militumque,
468 3116 593 3176 quorum
613 3101 720 3159 virtute
740 3107 834 3160 castra
861 3097 980 3158 defensa
1005 3103 1097 3167 erant,

137 3176 225 3240 simul
238 3178 423 3242 audientibus
435 3181 536 3242 laudes
550 3184 670 3243 meritas
687 3181 761 3243 tollit
776 3183 904 3248 animos,
919 3178 1006 3240 simul
1021 3184 1098 3240 cete·

137 3278 188 3321 ros
200 3261 237 3322 ad
252 3261 442 3326 aemulandas
453 3267 575 3327 virtutes
592 3267 679 3327 acuit.
705 3283 743 3325 ne
785 3283 801 3324 e
815 3265 934 3341 segnius
949 3263 985 3323 ad
1000 3262 1131 3324 hostest

137 3343 247 3407 bellum
262 3353 430 3427 apparatur,
449 3350 498 3428 qui
517 3356 547 3409 et
560 3349 638 3428 parti
658 3354 727 3409 ante
765 3349 861 3408 ecoris
880 3363 1026 3408 memores
1047 3363 1099 3408 ne·

136 3446 194 3508 que
211 3431 309 3509 ignari
331 3439 483 3493 auctarum
503 3433 609 3494 virium
624 3431 718 3493 bostis
736 3447 804 3493 suas
824 3447 941 3512 quoque
955 3431 1032 3492 vires
1047 3447 1099 3492 au·
