2538 3946
320 183 414 226 ursnn
424 184 489 226 xxr.
502 183 570 226 dar.
582 171 626 226 40.
637 170 679 224 ιι.
693 162 733 245 [a.
746 164 781 226 0.
796 163 856 246 218]
1011 169 1074 234 237

109 351 204 413 quem
218 332 250 392 iu
270 330 362 392 Galba
383 349 498 392 meeum
521 329 624 399 habui,
647 332 878 410 supersedissem
897 331 978 410 loqui
995 331 1074 410 apud

115 435 180 476 vos:
208 415 277 494 quid
301 417 380 475 enim
400 415 551 475 adhortari
570 415 701 475 referret
724 423 774 476 aut
798 431 848 474 eos
871 418 1000 494 equites,
1023 418 1102 494 quis

110 501 276 579 equitatum
288 499 416 559 hostiurn
432 498 469 558 ad
483 499 658 559 Rhodanum
669 499 779 560 flumen
794 500 912 576 egregio
926 501 1072 570 vicissent,
1103 536 1106 542 ·

109 589 166 643 aut
181 600 230 643 eas
246 581 390 660 legiones,
414 600 481 642 oum
497 581 603 661 quibus
625 581 786 658 fugientem
806 582 886 642 buno
905 583 1002 662 ipsum
1018 583 1072 642 ho·

114 670 189 728 stem
206 673 325 726 secutos
340 666 555 727 confessionem
570 665 702 726 cedentis
719 685 754 727 ae
770 667 959 726 detractantis
977 673 1072 727 oerta·

113 767 184 810 men
206 767 261 829 pro
282 751 404 810 victoria
424 748 531 810 habuii
560 765 655 820 nune,
677 751 745 828 quia
766 748 817 811 ille
838 751 998 819 exereitus,
1021 749 1102 810 Hi·3

110 834 237 912 spaniae
250 834 420 910 provintiae
442 835 583 912 scriptus,
605 831 648 893 ibi
670 849 738 894 ourn
758 833 850 894 fratre
864 834 917 894 Gn.
934 831 1073 912 Scipione

111 918 189 978 meis
204 917 340 997 auspiciis
354 934 419 978 rem
430 917 521 996 gerit,
536 915 589 978 ubi
603 934 670 978 eum
686 935 791 995 gerere
802 924 919 977 senatus
933 914 1073 996 populus-

113 1019 171 1080 que
186 1001 337 1062 Romanus
355 999 459 1069 voluit,
486 1018 555 1078 ego,
579 1008 612 1060 ιιι
633 1000 785 1062 consulem
806 1001 912 1061 durem
932 1001 1100 1078 adversust

112 1083 309 1146 Hannibalem
325 1101 360 1145 ao
373 1084 489 1146 Poenos
504 1084 669 1153 haberetis,
684 1086 748 1163 ipse
761 1102 810 1144 me
826 1085 896 1144 huie
910 1083 1073 1144 voluntario

110 1171 268 1230 certamini
279 1167 386 1237 obtuli,
403 1185 480 1229 novo
490 1168 662 1246 imperatori
672 1167 749 1245 apud
762 1185 851 1228 novos
862 1167 969 1229 milites
979 1185 1074 1246 pauca

111 1252 203 1313 rerba
217 1251 352 1312 faeienda
371 1257 455 1313 sunto
479 1269 517 1312 ne
539 1267 631 1328 genus
650 1249 721 1312 belli
736 1267 808 1311 neve
822 1251 938 1311 hostem
955 1252 1103 1329 ignore-5

111 1336 165 1404 tis,
189 1351 256 1394 eum
276 1335 314 1395 iis
335 1341 381 1396 est
409 1333 503 1404 robis,
530 1333 652 1404 milites,
673 1333 877 1412 pugnandum,
898 1353 972 1413 quos
992 1342 1074 1395 terra

112 1419 248 1496 merique
263 1419 363 1498 priore
379 1416 458 1478 bello
472 1419 595 1487 vicistis,
612 1435 629 1478 a
645 1417 750 1498 quibus
766 1417 944 1498 stipendium
960 1436 1014 1498 per
1030 1420 1073 1478 ri·

113 1503 188 1578 ginti
209 1519 302 1562 annos
321 1503 473 1579 exegistis,
498 1500 639 1581 aquibus
661 1509 746 1580 napta
771 1501 841 1562 belli
852 1504 984 1579 praemia
999 1501 1073 1561 Siei-

113 1585 183 1645 liam
198 1601 232 1644 ao
248 1583 413 1646 Sardiniam
433 1584 556 1646 bebetis.
593 1586 649 1646 erit
669 1586 759 1662 igitur
779 1587 811 1646 in
832 1585 890 1646 hoo
912 1581 1103 1646 eertamined

111 1671 138 1729 is
151 1668 235 1729 robis
249 1667 365 1748 illisque
380 1672 508 1740 animus,
521 1669 576 1750 ,qui
590 1667 750 1730 victoribus
765 1675 794 1730 et
809 1670 892 1729 vietis
908 1687 972 1730 esse
989 1669 1073 1730 solet.

113 1769 168 1814 neo
184 1770 264 1812 nuno
274 1751 332 1824 illi,
349 1753 417 1832 quia
428 1753 551 1824 audent,
567 1754 618 1814 sed
630 1755 698 1832 quia
710 1770 830 1814 neeesse
843 1759 899 1823 est,
915 1754 1101 1832 pugnatoria

113 1843 196 1906 sunt,
213 1836 270 1896 nisi
281 1835 415 1907 creditis,
428 1838 479 1916 qui
491 1839 622 1898 exercitu
634 1835 776 1896 incolumi
786 1853 915 1914 pugnam
930 1836 1074 1898 detracta·

109 1939 191 1990 rere,
208 1937 258 1980 eos
274 1918 387 1980 duabus
402 1919 536 2001 partibus
550 1920 681 2000 peditum
697 1920 886 1998 equitumque
904 1921 1075 1980 intransitu

111 2003 230 2082 Alpium
242 2004 370 2074 amissis,
387 2005 454 2082 quia
467 2003 568 2082 plures
583 2000 711 2101 [paene]
718 2003 863 2100 perierint
872 2018 960 2080 quam
972 2019 1075 2081 super·

112 2090 187 2157 sint,
202 2086 283 2230 plust
300 2089 363 2165 spei
383 2094 485 2147 nactos
506 2103 594 2148 esse.
619 2093 649 2144 at
665 2101 744 2144 emm
757 2085 845 2162 pauni
864 2083 983 2164 quidem
998 2092 1075 2156 suut,
1087 2092 1104 2144 8

113 2170 168 2231 sed
183 2172 283 2248 vigent
284 2188 315 2230 es
330 2171 435 2230 animis
451 2167 697 2248 corporibusque,
719 2184 844 2268 quorum
858 2166 967 2230 robora
983 2187 1018 2230 ao
1033 2170 1075 2229 vi·

114 2271 163 2314 res
183 2255 232 2312 rix
251 2254 397 2314 sustinere
413 2251 529 2313 visulla
550 2248 664 2331 possit)
683 2251 824 2330 effigies
815 2269 921 2326 immo,
950 2252 1102 2314 umbraett

113 2337 284 2406 hominum,
305 2335 382 2398 fame
397 2335 524 2414 frigore,
545 2334 654 2396 inluvie
675 2333 812 2414 squalore
832 2336 942 2405 enecti,
961 2337 1077 2398 contusi

115 2439 150 2480 ao
170 2418 312 2480 debilitati
331 2421 410 2480 inter
422 2456 424 2461 ,
435 2437 504 2482 saxa
526 2437 692 2500 rupesque3
714 2418 751 2479 nd
766 2418 823 2478 boo
841 2420 971 2499 praeusti
985 2427 1074 2488 artus,

114 2505 182 2565 nive
192 2505 322 2582 rigentes
336 2505 433 2576 nervi,
449 2502 584 2565 membra
593 2502 706 2564 torrida
721 2501 802 2582 gelu,
818 2511 953 2585 quassata
968 2503 1075 2565 fracta·

115 2605 173 2669 que
190 2605 286 2659 arma,
312 2585 457 2649 claudiae
476 2587 588 2649 debiles
605 2588 681 2668 equi.
711 2605 778 2648 oum
792 2587 850 2647 hoo
865 2588 979 2665 equite,
1006 2606 1073 2650 oum
1087 2595 1119 2646 ιο
1171 2625 1175 2633 .

114 2672 173 2734 boo
184 2671 283 2752 pedite
303 2674 463 2752 pugnaturi
486 2673 571 2741 estis,
595 2672 734 2750 reliquias
762 2678 908 2732 extremas
936 2671 1073 2744 bostium,

115 2774 176 2816 non
199 2756 314 2818 hostem
333 2755 489 2818 habebitis.
527 2774 561 2817 ao
576 2755 650 2818 nihil
667 2756 761 2834 magis
778 2773 896 2825 vereor,
925 2773 1014 2835 quarn
1028 2773 1075 2827 ne,

115 2858 248 2902 roseum
262 2842 471 2920 pugnaveritis,
485 2839 573 2920 Alpes
585 2841 695 2901 vicisse·
704 2838 898 2900 Hannibalem
912 2839 1075 2902 videantur.

114 2922 169 2983 sed
182 2925 223 2983 ita
236 2924 358 2986 forsitan
369 2925 481 2996 denuit,
498 2942 565 2986 eum
580 2924 732 2986 foederum
746 2931 869 3004 ruptore
884 2923 958 2986 duos
975 2931 1118 3004 arpo-11

115 3005 185 3084 pulo
201 3007 271 3066 deos
286 3009 366 3085 Ipsos
380 3011 446 3069 sine
458 3007 518 3070 ulla
535 3009 664 3070 humana
684 3026 742 3088 ope
756 3009 941 3069 committere
957 3025 991 3068 ae
1008 3024 1076 3086 pro·

115 3089 220 3166 fligare
240 3088 366 3160 bellum,
389 3109 458 3162 nos,
492 3094 543 3170 qui
558 3091 719 3153 seeundum
745 3093 816 3151 deos
840 3089 940 3150 violati
966 3105 1076 3163 sumus,

118 3175 307 3235 commissum
321 3190 355 3234 ae
370 3139 559 3253 profligatum
576 3175 754 3235 oonfloeress‘

180 3256 290 3327 XLL,
292 3256 372 3328 ,Non
388 3274 501 3330 vereor,
518 3259 635 3338 nequis
649 3277 698 3319 me
712 3221 1103 3319 haeorestriadhortondit

117 3360 206 3404 causa
226 3341 381 3420 magnifiee
402 3341 484 3442 loqui
498 3343 658 3413 existimet,
683 3343 781 3440 ipsum
804 3340 890 3403 aliter
911 3341 1009 3404 animo
1026 3342 1077 3403 ad-

113 3427 226 3491 fectum
244 3443 318 3488 esse.
351 3424 457 3488 licuit
448 3443 480 3487 ru
492 3427 677 3507 Hispaniam,
694 3425 876 3504 provinciam
890 3445 1001 3499 meam,
1019 3436 1106 3509 quot
