2532 3938
209 201 250 262 32
390 215 484 256 urens
499 215 555 258 v11.
571 213 639 258 oar.
654 202 697 256 30.
712 201 756 257 31.
776 191 815 276 [a.
833 219 863 258 u.
880 218 907 257 o.
921 194 981 278 411]
1075 184 1079 191 ’

208 361 344 423 incendia
360 360 492 423 villarum
508 380 542 422 ao
559 364 675 432 ruinas,
698 364 796 422 omnia
812 363 892 424 terro
907 364 1027 444 ignique
1043 372 1166 428 vastata·

165 455 200 508 iu
210 446 322 506 hiscine
336 446 380 504 ira
396 446 505 524 expleri
521 465 580 506 non
593 446 704 524 potuit?
736 447 787 506 sed
803 447 946 526 cupiditas
957 447 1100 526 explenda
1113 458 1167 510 est.
1256 481 1257 506 ι

209 548 242 590 ea
259 528 294 589 ad
308 530 533 608 oppugnandam
550 531 679 608 Capuam
695 532 785 608 rapit:
797 535 852 592 'aut
866 530 965 592 delere
982 532 1087 593 urbem
1102 532 1167 612 pul-

168 619 199 672 17
211 613 389 674 cherrimam
417 620 467 674 aut
490 615 547 692 ipsi
573 612 724 692 possidere
750 614 860 675 volunt.
901 614 953 676 sed
981 635 1031 677 vos
1060 618 1167 694 potius,

209 697 348 767 Romani,
363 697 507 757 beneficio
519 705 617 756 vestro
629 705 769 774 occupate
781 715 860 768 eam,
875 717 963 777 quam
977 699 1044 760 illos
1057 699 1168 761 habere
1256 699 1257 710 ¹

208 801 263 860 per
278 781 451 842 maleficium
469 781 579 840 sinatis.
609 797 670 840 non
684 779 791 859 loquor
803 781 880 860 apud
891 791 1077 844 recusantem
1093 786 1169 846 insta

209 865 286 926 bella
301 864 458 946 populum:
478 864 531 924 sed
551 871 666 934 tamen,
690 866 716 924 si
732 865 918 926 ostenderitis
942 867 1048 928 auxilia
1064 876 1168 939 vestra,

167 957 200 1008 18
212 968 248 1010 ne
272 949 350 1011 bello
368 949 486 1027 quidem
503 947 632 1008 arbitror
651 947 734 1008 vobis
749 966 823 1026 opus
838 949 911 1010 sore.
941 947 1034 1029 usque
1056 951 1093 1011 ad
1114 969 1169 1012 nos
1256 1001 1257 1024 q

210 1040 396 1111 contemptus
415 1033 589 1093 Samnitium
606 1033 753 1110 pervenit,
769 1049 858 1112 supra
874 1051 934 1093 non
949 1035 1095 1096 aseendit:
1113 1037 1168 1096 ita·
1256 1079 1257 1092 ,

209 1135 266 1196 que
283 1115 388 1175 umbra
405 1117 494 1176 vestri
511 1114 625 1186 auxilii,
652 1115 791 1186 Romani,
813 1118 871 1194 tegi
892 1133 1061 1194 possumus,
1085 1119 1169 1199 quid·
1256 1165 1257 1194 q

209 1199 278 1278 quid
297 1197 356 1280 [id]
372 1199 479 1260 deinde
490 1199 694 1270 habuerimus,
711 1198 852 1280 quidquid
868 1203 922 1279 ipsi
940 1202 1097 1273 fuerimus,
1120 1221 1169 1264 ve·
1256 1197 1257 1252 l

169 1289 201 1342 19
210 1291 304 1344 strom
316 1283 344 1343 id
353 1300 442 1344 omne
452 1285 654 1344 existimaturi.
678 1284 761 1345 vobis
773 1284 904 1346 arabitur
916 1303 987 1364 ager
995 1288 1169 1366 Campanus,
1256 1305 1257 1350 ὲ

209 1366 291 1427 vobis
306 1367 403 1447 Capua
419 1367 490 1428 urbs
505 1365 755 1446 frequentabitur;
775 1369 975 1439 conditorum,
992 1373 1169 1449 parentium,

211 1451 334 1512 deorum
356 1450 556 1512 inmortalium
581 1469 705 1513 numero
728 1453 813 1513 nobis
833 1456 928 1524 eritis,
954 1453 1035 1515 nulla
1055 1453 1171 1516 colonia
1256 1503 1257 1532 q

209 1544 305 1596 vestra
328 1537 398 1606 erit,
422 1553 496 1615 quae
518 1553 572 1594 nos
587 1535 728 1615 obsequio
743 1554 812 1615 erga
832 1556 883 1598 vos
903 1538 1020 1617 [ideque
1040 1546 1170 1618 superet.
1256 1547 1257 1576 ³

167 1625 201 1677 20
212 1618 344 1689 adnuite,
365 1626 465 1698 patres
479 1621 653 1698 conscripti,
677 1627 781 1680 nutum
797 1637 965 1700 numenque
979 1629 1108 1682 vestrum
1123 1625 1172 1684 in·
1256 1627 1257 1678 l

209 1704 316 1763 victum
339 1702 495 1780 Campanis
518 1710 547 1763 et
569 1703 668 1764 iubete
693 1721 826 1781 sperare
841 1703 1020 1764 incolumem
1041 1705 1178 1782 Capuam·
1256 1703 1257 1774 ἶ

166 1785 350 1846 allaturam.
387 1804 444 1864 qua
473 1786 638 1865 frequentia
660 1788 791 1847 omnium
812 1804 955 1865 generum
977 1786 1173 1850 multitudinis
1215 1786 1219 1794 '
1256 1833 1257 1838 η

209 1877 409 1949 prosequente
420 1869 540 1930 creditis
552 1888 607 1931 nos
621 1869 702 1930 illino
712 1871 880 1949 proiectos?
910 1889 997 1950 quam
1010 1873 1108 1932 omnia
1119 1891 1172 1934 vo·
1256 1863 1257 1906 ἶ

210 1961 309 2014 torum
329 1952 574 2032 lacrimarumque
596 1953 683 2032 plena
697 1952 867 2034 reliquisse?
900 1956 932 2013 in
953 1973 1010 2032 qua
1024 1973 1102 2015 nune
1120 1975 1171 2017 ex·
1256 2005 1257 2034 3

210 2039 377 2116 pectatione
405 2043 539 2097 senatum
567 2037 767 2117 populumque
797 2038 992 2116 Campanum,
1030 2039 1172 2116 coniuges
1256 2109 1257 2122 χ

167 2130 201 2179 22
213 2120 381 2198 liberosque
403 2127 520 2182 nostros
538 2122 620 2181 esse?
656 2128 734 2182 stare
755 2139 872 2182 omnem
893 2120 1109 2181 multitudinem
1133 2122 1172 2182 ad
1256 2143 1257 2200 ᾗ

209 2211 310 2282 portas
331 2204 406 2263 viam
431 2204 501 2264 hino
520 2204 665 2266 ferentem
688 2213 911 2285 prospectantes
928 2212 1042 2266 certum
1063 2203 1170 2266 habeo.
1256 2203 1257 2282 l

210 2287 280 2366 quid
295 2285 353 2348 illis
370 2303 439 2358 nos,
461 2296 561 2367 patres
577 2286 750 2369 conscripti,
773 2288 906 2350 sollicitis
923 2307 958 2350 ao
971 2288 1172 2367 pendentibus
1256 2285 1257 2290 ’

168 2372 303 2431 atanimi
323 2373 494 2433 renuntiare
519 2373 661 2434 iubeatist
699 2373 825 2435 alterum
844 2391 1019 2453 responsum
1046 2371 1171 2458 salutem
1256 2375 1257 2456 p

210 2456 379 2526 victoriam,
401 2455 497 2518 lucem
517 2475 550 2518 ac
566 2457 749 2526 libertatem,
771 2457 896 2518 alterum
912 2458 1037 2516 ominari
1060 2456 1171 2518 horreo
1256 2457 1257 2534 l

210 2557 286 2618 quae
308 2539 398 2600 ierat!
420 2541 545 2618 proinde
571 2548 603 2601 ut
623 2551 673 2601 aut
689 2542 725 2602 de
741 2543 846 2602 vestris
861 2541 970 2600 futuris
982 2540 1070 2601 sociis
1084 2547 1172 2619 alque
1256 2535 1257 2600 l

211 2625 313 2684 amisis
329 2631 379 2684 aut
396 2641 539 2703 nusquam
554 2623 622 2684 ullis
637 2624 743 2686 suturis
759 2624 844 2686 nobis
862 2623 1038 2685 consulite.“
1256 2633 1257 2706 ἐ

88 2741 91 2744 -
187 2714 199 2764 1
276 2707 377 2773 xxxi,
406 2707 565 2768 Summotis
578 2709 684 2770 deinde
697 2708 800 2786 legatis
811 2726 877 2768 eum
889 2707 1041 2769 consultus
1052 2715 1172 2769 senatus
1256 2709 1257 2760 l

211 2799 302 2860 esset,
326 2792 382 2850 etsi
403 2808 526 2868 magnae
548 2794 626 2871 parti
647 2791 720 2852 urbs
742 2794 867 2852 maxima
890 2790 1171 2870 opulentissimaque
1256 2797 1257 2800 ’

211 2871 325 2942 ltaliae,
349 2871 516 2934 uberrimus
532 2893 602 2952 ager
616 2877 749 2956 marique
765 2877 948 2955 propinquus
963 2875 1001 2936 ad
1014 2877 1172 2936 consutos

212 2973 347 3019 annonae
368 2956 507 3018 horreum
529 2959 631 3038 populi
650 2960 773 3020 Romani
795 2959 1047 3028 recondebatur,
1070 2965 1172 3020 tamon

211 3048 292 3103 tanta
317 3040 441 3102 utilitate
465 3041 537 3102 fldes
565 3044 710 3122 antiquior
736 3043 804 3112 luit,
831 3042 1041 3123 responditque
1066 3045 1107 3103 ita
1134 3061 1171 3102 ex

182 3135 199 3183 a
212 3126 384 3188 auctoritate
397 3134 516 3186 senatus
528 3126 645 3188 consul:
670 3175 688 3198 ,,
698 3127 805 3189 auxilio
821 3145 885 3197 ros,
898 3127 1052 3206 Campani,
1065 3125 1171 3204 dignos

213 3217 314 3272 censet
333 3216 465 3280 senatus,
494 3209 546 3270 sed
566 3212 606 3272 ita
622 3211 772 3273 vobiscum
794 3212 950 3271 amicitiam
977 3211 1089 3270 institui
1114 3227 1170 3288 par

213 3302 271 3363 est,
295 3311 332 3354 ne
347 3311 405 3373 qua
427 3296 567 3356 vetustior
582 3297 708 3357 amicitia
723 3314 757 3356 ac
778 3296 903 3356 societas
923 3293 1056 3354 violetur.
1085 3295 1169 3356 Sam·

213 3379 288 3437 nites
309 3376 461 3439 nobiseum
483 3377 605 3440 loedere
625 3379 718 3441 iuncti
740 3384 818 3440 sunt.
851 3379 951 3456 itaque
976 3395 1072 3448 arma,
1099 3376 1172 3438 deos

214 3461 296 3538 prius
316 3477 402 3538 quam
424 3461 559 3522 homines
580 3463 737 3535 violatura,
763 3462 902 3524 adversus
923 3461 1070 3523 Samnites
1090 3458 1172 3523 vobis
