2532 3938
293 227 389 270 erese
403 226 458 270 vn.
481 225 550 268 eae.
567 212 608 264 lo.
629 213 671 266 17.
687 203 727 288 [a.
744 206 933 291 (1.358-356]
1051 215 1092 278 17
1117 217 1120 222 “

130 376 273 441 Romanis
288 391 349 434 non
364 371 564 432 reddiderant.
598 391 633 432 ea
647 375 799 451 provincia
814 373 866 436 Cu.
879 374 986 436 Manlio
1003 375 1122 438 obre-8

133 463 186 522 nit
199 460 324 521 Marcius
331 457 492 517 exercitum
502 457 534 514 in
541 473 644 534 agrum
650 455 850 518 Privernatem
862 459 1008 536 integrum
1019 479 1092 540 pace

133 545 292 622 longinqua
307 540 422 601 induxit
436 538 618 618 militemque
634 541 744 618 praeda
759 541 890 620 inplevit.
922 543 959 603 ad
977 546 1091 624 copiam

95 701 101 709 Ι
133 645 233 690 rerum
251 624 363 686 addidit
378 623 623 691 munificentiam,
647 623 725 702 quod
742 623 814 684 nibil
830 626 861 684 in
878 625 1028 704 publicum
1046 647 1092 689 se·

133 711 284 773 cernendo
300 709 419 786 augenti
441 723 504 766 rem
527 707 670 785 privatam
691 707 777 767 militi
800 707 878 770 lavit
906 710 1125 773 Privernatesd

134 814 201 856 oum
217 802 285 854 ante
302 792 419 852 moenia
434 808 486 852 sua
501 790 605 850 castris
619 792 794 868 permunitis
810 793 1025 864 consedissent,
1041 814 1091 856 ro·

134 881 208 940 catis
222 876 258 937 ad
276 877 443 937 contionem
459 872 599 934 militibus
614 884 734 943 „castra
749 885 855 937 nunc“
875 879 971 956 iuquit
989 879 1093 949 „vobis

135 962 263 1024 bostium
274 959 438 1038 urbemque
451 958 578 1038 praedae
593 957 640 1028 do,
655 959 681 1018 si
693 960 766 1020 mibi
776 959 956 1040 pollicemini
968 981 1018 1023 vos
1030 963 1091 1024 lor·

133 1047 203 1108 titer
217 1047 249 1106 in
265 1046 328 1106 acie
342 1059 462 1124 operam
485 1050 643 1102 navaturos
662 1059 718 1104 nec
740 1045 868 1123 praedae
889 1047 982 1124 magis
1003 1065 1091 1125 quam

133 1147 249 1212 pugnae
269 1135 388 1210 paratos
408 1133 504 1187 esse.“
537 1128 654 1204 signum
674 1135 801 1206 poscunt
822 1131 936 1207 ingenti
954 1129 1123 1202 clamoreti

134 1214 308 1294 celsique'et
322 1231 374 1292 spe
387 1209 465 1272 baud
480 1209 568 1271 dubia
582 1211 696 1270 seroces
709 1213 740 1270 in
754 1212 899 1291 proelium
914 1214 1030 1275 vadunt.
1049 1213 1092 1275 ibi

134 1306 202 1360 ante
217 1299 300 1375 signa
315 1297 381 1358 Sex.
394 1293 519 1364 Tullius,
536 1293 573 1354 de
586 1312 644 1373 quo
656 1303 724 1354 ante
736 1296 846 1356 dictum
858 1306 916 1367 est,
933 1297 1089 1359 exclamat:

112 1454 116 1458 .
135 1429 152 1452 ,‚
163 1382 276 1462 aspice,
295 1382 492 1459 imperator,“
517 1379 629 1457 inquit.
653 1380 925 1456 „quemadmodum
946 1384 1091 1443 exercitus

134 1473 202 1525 tuus
219 1464 273 1523 tibi
287 1464 431 1543 promissa
445 1469 615 1543 praestet,“
629 1462 748 1542 piloque
766 1465 862 1542 posito
876 1465 977 1525 stricto
994 1464 1090 1543 gladio

134 1550 165 1608 in
189 1547 304 1608 hostem
325 1549 467 1626 impetum
489 1546 568 1608 lecit.
601 1555 741 1607 secuntur
757 1547 885 1609 Tullium
908 1549 1122 1625 aritesignanid
1180 1553 1182 1560 '

135 1649 238 1693 omnes
252 1633 407 1711 primoque
422 1632 535 1710 impetu
551 1638 685 1692 avertere
703 1632 838 1702 bostem;
857 1632 954 1692 lusum
969 1633 1038 1693 inde
1055 1633 1091 1695 ad

134 1715 274 1796 oppidum
285 1716 449 1795 persecuti,
467 1732 535 1776 cum
549 1716 608 1776 iam
620 1714 713 1776 scalas
726 1715 881 1777 moenibus
891 1715 1088 1779 admoverent

134 1801 164 1860 iu
180 1798 360 1860 deditionem
374 1798 480 1860 urbem
490 1806 679 1879 acceperunt
708 1801 874 1880 triumphus
888 1800 926 1860 de
936 1800 1090 1862 Priverna-

134 1883 213 1944 tibus
235 1892 325 1944 actus.
362 1882 398 1944 ab
417 1881 509 1943 altero
530 1883 650 1944 consule
671 1882 743 1942 nibil
760 1883 951 1944 memorabile
966 1893 1087 1962 gestum

134 1968 191 2028 nisi
204 1968 281 2046 quod
292 1966 390 2046 legem
396 1983 471 2027 novo
478 1967 613 2046 exemplo
620 1967 793 2028 adSutrium
805 1968 947 2028 incastris
958 1967 1090 2028 tributim

135 2051 172 2111 de
186 2052 344 2112 vicensima
359 2069 477 2121 eorum,
495 2052 546 2130 qui
561 2068 650 2111 manu
664 2052 866 2123 mitterentur,
890 2049 963 2112 tulit.
981 2059 1090 2132 patres,

134 2137 202 2215 quia
217 2153 251 2195 ea
272 2134 337 2212 lege
354 2135 432 2196 baud
452 2137 575 2214 parurm
589 2134 711 2211 vectigal
728 2136 809 2214 inopi
830 2136 943 2196 aerario
961 2135 1092 2197 additum

135 2226 226 2288 esset,
245 2227 381 2279 auctores
395 2218 524 2277 luerunt.
553 2225 685 2277 ceterum
709 2217 820 2277 tribuni
843 2217 937 2296 plebis
958 2236 1017 2278 non
1031 2225 1122 2280 tam

135 2301 200 2380 lege
215 2320 302 2381 quam
314 2299 449 2379 exemplo
464 2301 553 2372 moti,
567 2318 606 2359 ne
620 2301 686 2378 quis
699 2307 801 2378 postea
819 2299 959 2378 populum
968 2319 1091 2369 sevoca-

135 2394 196 2457 ret,
215 2388 310 2466 eapite
323 2391 498 2446 sanxerunt:
519 2382 591 2444 nihil
616 2384 694 2444 enim
709 2401 769 2444 non
785 2401 840 2462 per
858 2383 966 2444 milites
980 2386 1091 2446 iuratos

135 2471 168 2530 in
184 2468 312 2531 consulis
328 2468 416 2529 verba
431 2469 562 2548 quamvis
576 2469 778 2547 perniciosum*
789 2466 923 2547 populo,
933 2469 958 2527 si
976 2467 1005 2527 id
1020 2467 1091 2530 lice·

135 2562 195 2624 ret,
215 2554 287 2614 lcrri
307 2570 404 2633 posse.
421 2586 456 2598 -
478 2551 589 2613 Eodem
611 2569 688 2613 anno
710 2551 741 2613 c.
763 2551 893 2612 Licinius
913 2551 994 2613 Stolo
1014 2571 1031 2614 a
1052 2553 1124 2613 lto

135 2635 248 2717 Popilio
262 2637 390 2698 Laenate
401 2654 453 2697 sua
464 2634 530 2714 lege
544 2635 647 2697 decem
657 2634 775 2696 milibus
786 2637 862 2695 aeris
873 2641 918 2694 est
928 2635 1090 2706 damnatus,

136 2721 214 2800 quod
228 2720 309 2782 mille
319 2722 455 2798 iugemm
465 2721 529 2798 agri
540 2738 606 2782 cum
614 2719 677 2785 ulio
688 2718 854 2799 possideret
864 2720 1090 2800 emancipando-

137 2822 194 2883 que
208 2804 300 2865 filium
316 2803 447 2864 fraudem
464 2803 522 2882 legi
529 2803 665 2866 lecisset.

200 2887 285 2948 llVlI.
316 2888 390 2949 Novi
405 2886 540 2948 eonsules
550 2888 629 2958 inde,
642 2887 680 2949 bl.
693 2887 801 2948 Fabius
811 2887 969 2951 Ambustus
983 2888 1091 2949 iterum
1107 2893 1122 2946 1

138 2978 168 3030 et
184 2971 222 3030 ll.
238 2971 367 3052 Popilius
385 2971 497 3033 Laenas
519 2973 643 3042 iterum,
662 2971 720 3032 duo
743 2971 819 3044 bella
841 2971 986 3042 habuere,
1006 2970 1091 3032 facile

139 3051 263 3113 alterum
279 3073 346 3114 cum
356 3054 541 3126 Tiburtibus,
556 3056 634 3134 quod
648 3057 761 3117 Laenas
776 3057 879 3134 gessit,
897 3056 946 3134 qui
961 3053 1045 3114 hoste
1060 3056 1091 3114 in

139 3135 245 3198 urbem
261 3137 401 3216 conpulso
421 3157 508 3217 agros
528 3141 663 3208 vesunu
685 3139 790 3200 Falisci
805 3138 1122 3217 Tarquiniensesquea

139 3220 264 3292 alterum
272 3221 420 3282 consulem
431 3225 525 3301 prima
537 3240 635 3301 pugna
647 3223 794 3282 fuderunt.
816 3222 885 3282 inde
896 3230 994 3282 terror
1000 3221 1092 3281 moxi·
1105 3227 1122 3278 3

139 3323 205 3367 mus
220 3305 292 3377 luit,
315 3306 394 3385 quod
409 3307 577 3367 sacerdotes
599 3324 701 3366 eorum
723 3303 836 3365 lacibus
854 3303 1026 3364 ardentibus
1040 3321 1092 3364 an·

140 3387 303 3469 guibusque
318 3389 456 3468 praelatis
476 3392 594 3451 incessu
609 3388 707 3450 furiali
726 3388 848 3448 militem
867 3388 1032 3450 Romanum
1047 3389 1092 3448 iu·

133 3481 222 3536 sueta
236 3473 428 3536 turbaverunt
441 3476 549 3552 specie.
579 3481 609 3533 et
628 3480 689 3534 tum
709 3471 829 3552 quidem
852 3472 930 3534 velut
951 3472 1094 3553 lymphati

185 3590 210 3625 a.
225 3591 285 3625 mvi
299 3589 367 3624 rans
382 3590 414 3624 11.
871 3561 890 3622 2
