2546 3936
348 198 441 242 urana
454 199 485 240 x.
499 196 568 240 oar.
585 185 610 240 i.
624 184 652 237 8.
667 174 707 257 [a.
724 177 758 240 0.
775 177 837 260 ³00]
1004 183 1064 246 tos

118 342 298 416 ascenderit,
314 345 409 405 iscoet
420 343 615 421 conspicietur
628 359 695 404 cum
705 340 807 422 capide
818 357 852 402 ao
865 340 953 413 lituo,
970 343 1065 422 capite

117 428 212 492 relato
227 429 371 488 victimam
386 423 488 488 caedet
501 427 688 505 auguriumve
703 443 739 487 ex
754 441 823 485 arce
837 426 949 503 capiett
980 427 1062 486 catius
1074 430 1102 482 tt

117 512 253 589 magicis
267 508 350 570 titulo
367 507 531 570 consulatus
545 525 725 588 censuraque
741 515 771 568 et
793 508 957 586 triumphus
972 525 1064 586 aequo

118 595 217 656 animo
232 591 359 670 legetur,
379 592 405 654 si
418 599 588 670 auguratum
607 598 657 652 aut
674 593 872 671 pontificatum
891 589 1062 658 adieceritis,

10 675 11 682 ἶ
118 677 173 757 quui
189 674 374 738 sustinebunt
398 673 556 752 legentium
572 673 666 736 oculii
697 673 830 754 equidem
842 705 882 718 -
896 689 969 752 paca
982 671 1061 731 dixe.
1075 682 1103 731 lt

118 761 175 820 rim
196 758 283 820 deum
298 789 341 806 --
356 774 408 819 eos
428 775 482 818 nos
500 759 557 818 iam
577 755 678 838 populi
691 756 816 818 Romani
835 754 977 816 beneflcio
998 770 1062 814 essa

8 875 10 926 3
118 857 221 920 spero.
247 841 298 920 qul
323 840 494 902 sacerdotiis
517 857 577 901 non
599 841 697 902 minus
722 838 877 900 reddamus
897 837 1064 916 dignatione

119 930 220 984 nostra
232 922 367 993 bonoria,
379 941 466 1002 quem
477 924 690 1003 acceperimus,
707 921 868 983 atdeorum
876 921 969 998 magis
977 935 1064 998 quam

119 1012 220 1066 nostra
240 1023 327 1066 causa
341 1012 523 1085 expetamus,
545 1012 591 1076 ut,
614 1024 687 1085 quos
703 1005 837 1084 privatim
851 1001 988 1073 mimus,
1010 1019 1064 1081 pu·

118 1087 196 1148 blico
211 1085 371 1148 colamus.“

180 1169 251 1230 Vlll.
279 1215 297 1241 „
305 1169 378 1241 Quid
391 1177 488 1230 autom
499 1187 553 1246 epa
563 1169 606 1230 aio
616 1168 711 1230 adbuc
722 1169 782 1248 egi,
793 1177 940 1248 tamquam
951 1169 1065 1246 integra
1078 1177 1090 1228 t

119 1253 156 1312 sit
177 1269 263 1314 causa
283 1253 473 1330 patriciorum
496 1250 533 1312 de
551 1251 721 1312 sacerdotiis
739 1257 768 1310 et
787 1268 847 1311 nou
866 1253 924 1311 iam
948 1252 980 1310 in
997 1267 1065 1330 pos·

118 1336 248 1396 sessione
272 1336 359 1396 unius
378 1332 548 1413 amplissimi
566 1335 657 1396 simus
675 1331 847 1394 sacerdotiii
882 1331 1088 1394 decemviroru

119 1418 210 1478 sacris
233 1416 387 1487 faciundis,
417 1417 578 1478 carminum
604 1414 730 1494 Sibyllae
756 1433 790 1477 ac
813 1413 939 1490 latorum
964 1413 1064 1493 populi

119 1498 206 1561 buius
221 1501 412 1578 interpretes,
434 1499 575 1561 antistites
592 1498 709 1561 eosdem
720 1497 893 1579 Apollinaris
912 1498 989 1558 sacri
999 1513 1064 1556 cae·

119 1583 368 1661 rimoniarumque
386 1581 508 1642 aliarum
531 1580 661 1662 plebeios
681 1580 820 1642 videmus.
855 1597 910 1640 nec
930 1587 980 1640 aut
1001 1586 1091 1641 tuma

118 1665 249 1744 patricils
262 1661 321 1725 ulla
335 1665 440 1725 iniuria
456 1665 532 1725 iacta
546 1672 603 1736 est,
619 1683 685 1726 cum
699 1662 826 1725 duovir‘ts
839 1663 930 1725 sacris
952 1661 1064 1723 iaciun-

121 1746 165 1807 dis
176 1745 304 1808 adiectus
319 1754 363 1809 est
382 1755 503 1828 propter
516 1746 648 1828 plebeios
662 1765 815 1818 nummus,
836 1754 866 1808 et
879 1764 958 1808 nune
971 1745 1064 1807 tribu·

120 1845 189 1898 nus,
209 1830 253 1890 vir
266 1829 350 1890 iorils
362 1847 397 1890 ac
412 1837 562 1900 suenuus,
586 1832 713 1914 qtuinqpe
728 1847 869 1907 augurum
883 1828 960 1900 loca,
981 1835 1063 1911 quat·

123 1929 187 1972 utor
201 1913 369 1989 pontificum
385 1911 504 1983 adiecit,
525 1914 555 1973 in
580 1930 655 1992 quae
670 1909 767 1991 plebei
782 1912 983 1979 nominentur,
1005 1923 1093 1971 nont

120 2000 154 2054 ut
171 2009 236 2064 vos,
260 1995 349 2074 Appi,
375 2003 471 2056 vestro
494 1993 560 2056 loco
578 1992 699 2074 pellant,
724 1994 776 2054 sed
791 2000 825 2055 ut
851 1992 986 2053 adiuvent
1014 2009 1064 2052 vos

22 2121 29 2136 .
119 2075 252 2138 homines
274 2076 371 2156 plebei
390 2077 493 2138 divinis
514 2095 629 2156 quoque
651 2075 739 2136 rebus
763 2074 967 2154 procurandis,
991 2075 1066 2136 siout

120 2159 151 2219 in
171 2161 276 2220 ceteris
299 2159 433 2219 humanis
453 2175 508 2238 pro
529 2167 612 2237 parte
632 2156 707 2216 uirili
730 2157 874 2218 adiuvant.
918 2155 978 2218 noli
997 2167 1092 2218 eru-o

118 2239 256 2308 bescere,
278 2239 366 2317 Appi,
388 2238 529 2318 collegam
548 2240 578 2298 in
601 2239 763 2300 sacerdotio
781 2238 904 2309 habere,
925 2257 1012 2317 quem
1033 2241 1063 2298 in

121 2337 254 2387 censura,
269 2337 356 2398 quem
365 2322 396 2383 in
407 2321 559 2383 consulatu
570 2320 711 2397 collegam
722 2320 831 2381 habere
840 2323 968 2400 potuisti,
984 2321 1065 2381 cuius

119 2411 179 2466 tam
204 2401 353 2463 dictatoris
373 2403 510 2482 magister
531 2404 660 2484 equitum
679 2420 766 2483 quam
788 2403 921 2482 magistri
934 2404 1064 2482 equitum

120 2486 244 2547 dictator
262 2502 325 2544 esse
338 2491 429 2564 potes.
454 2484 592 2547 Sabimrm
610 2485 764 2557 advenam,
781 2487 944 2566 principem
958 2483 1091 2546 nobili-6

120 2570 172 2628 tati
185 2575 312 2638 vestrae,
335 2584 387 2630 seu
402 2567 511 2630 attium
526 2567 661 2631 Clausum
681 2586 732 2630 seu
749 2570 822 2649 App.
836 2566 985 2630 Claudium
1001 2585 1062 2628 ma·

119 2650 219 2721 vultis,
241 2649 284 2710 illi
298 2651 409 2730 antiqui
422 2653 536 2729 patricii
552 2653 583 2712 in
604 2670 688 2712 suum
701 2669 857 2712 numerum
873 2656 1062 2731 accepertmi:

120 2749 158 2792 ne
166 2732 330 2804 fastidieris,
343 2750 396 2793 uos
406 2735 437 2793 in
448 2734 630 2794 sacerdotum
643 2751 797 2795 numerum
808 2733 951 2812 accipere.
974 2731 1091 2795 multat

120 2815 272 2876 nobiscum
282 2815 388 2876 decora
399 2815 570 2888 adferimus,
588 2818 677 2877 immo
689 2817 785 2877 omnia
797 2814 913 2887 eadem,
929 2834 1003 2896 quae
1014 2834 1065 2877 vos

120 2897 262 2974 superbos
273 2898 419 2960 iecerunt:
442 2899 473 2960 L.
491 2899 605 2960 Sextius
626 2900 738 2978 primus
753 2899 789 2960 de
803 2898 888 2978 plebe
906 2898 1007 2962 consul
1022 2907 1093 2961 este

118 2979 226 3047 iaetus
253 2979 284 3040 G.
303 2980 431 3042 Licinius
451 2980 531 3042 Stolo
557 2983 669 3062 primus
695 2984 832 3060 magister
859 2983 1001 3061 equitum.
1032 2982 1062 3042 G.
1131 3014 1136 3025 ‚

119 3059 244 3120 lilarcius
258 3060 372 3122 Rutilus
385 3065 496 3142 primus
512 3070 542 3125 et
556 3064 678 3125 dictator
693 3070 722 3124 et
737 3083 854 3136 censor,
877 3062 910 3134 Q.
924 3061 1064 3124 Publilius

119 3140 203 3203 Philo
223 3143 336 3221 primus
360 3153 485 3223 praetor.
524 3164 641 3223 semper
664 3148 719 3206 ista
743 3146 839 3206 audita
866 3154 934 3205 sunt
953 3145 1092 3213 eademi

119 3241 210 3305 penes
230 3241 281 3285 vos
303 3229 430 3304 auspicia
452 3246 529 3299 esse,
553 3247 603 3289 vos
627 3227 704 3289 solos
725 3235 841 3306 gentem
860 3226 987 3297 habere,
1012 3245 1063 3288 vos

119 3307 196 3370 scios
218 3309 326 3369 iustum
353 3311 507 3390 imperium
533 3318 561 3372 et
586 3311 745 3390 auspicium
772 3310 851 3371 domi
870 3307 1061 3390 militiaeque:

119 3407 210 3472 aeque
223 3391 319 3452 adbuc
332 3411 506 3473 prosperum
518 3392 664 3473 plebeium
681 3400 710 3454 et
721 3393 875 3473 patricium
891 3388 1061 3474 iuit'porro·
1072 3399 1101 3451 to
