2546 3936
214 159 279 222 130
408 175 503 218 44444
515 175 558 218 rx.
575 171 643 220 oar.
659 163 703 217 33.
717 162 761 216 34.
776 151 817 236 [a.
831 176 863 218 44.
879 176 906 217 e.
922 151 985 235 444]

217 327 268 382 444
288 337 391 381 eorum
413 340 605 403 quemquam,
625 325 677 403 qui
694 329 761 402 post
785 340 851 408 eam
866 319 961 400 legem
980 319 1069 383 latam
1085 322 1178 386 creati

217 421 358 466 censores
374 413 485 477 essent,
501 409 597 469 teneri
617 406 730 485 441434
743 408 881 487 potuisse.

190 496 206 555 i
279 487 405 551 XXXIV.
441 491 520 552 llaec
548 494 612 553 sine
632 490 721 552 ullius
748 491 874 551 adsensu
895 489 1048 552 cavillante
1065 491 1178 570 Appio:

215 579 313 646 „est“
323 574 432 652 inquit,
449 575 608 647 „Quirites
623 569 1177 654 11114414411444344144,4414144444-

214 658 310 718 virum
321 657 352 715 in
364 675 474 721 annum
490 667 608 721 creatus
622 658 715 719 altero
731 675 855 718 444444
870 659 933 736 ipse
946 660 1071 728 creavit,
1087 659 1178 720 tertio

215 761 272 803 1100
286 750 323 811 ab
338 768 370 810 44
385 766 440 808 444
455 746 491 806 414
506 744 568 805 4114
582 749 700 804 4444444
714 743 844 821 privatus
864 740 960 802 fasces
976 753 1005 804 et
1019 742 1177 821 imperinm

189 825 360 902 ²0btinuit,
383 848 439 892 nec
455 837 522 890 ante
537 826 736 888 continuando
756 823 868 885 abstitit
881 827 1068 903 magistratu,
1087 843 1176 905 quam

216 910 379 978 obruerent
393 932 460 974 eum
476 910 553 971 male
568 918 667 990 parta,
682 907 758 969 44414
773 915 870 986 gesta,
894 909 971 970 male
990 917 1105 970 retenta
1120 911 1177 970 im-

191 999 311 1074 speria.
339 998 413 1058 haec
435 1004 480 1056 444
499 993 603 1054 eadem
625 993 750 1062 familia,
771 993 913 1064 Quirites,
936 996 1018 1054 cuius
1039 994 1067 1053 vi
1088 1000 1177 1072 atquo

214 1078 331 1143 iniuriis
348 1075 483 1159 conpulsi
498 1084 630 1137 44444444
644 1077 738 1156 patria
760 1093 877 1136 sacrum
900 1087 1031 1138 montem
1047 1077 1176 1154 cepistis,

214 1160 303 1236 14444,
320 1164 459 1226 adversus
473 1179 561 1242 quam
575 1159 766 1222 nibuniclum
781 1156 922 1220 auxilium
935 1161 1018 1220 robis
1032 1177 1177 1240 conpara·

186 1250 285 1320 44414ς
306 1250 395 1319 14444,
417 1255 541 1327 4444444
555 1263 642 1324 quam
664 1243 723 1304 duo
743 1244 891 1304 exercitus
904 1244 1080 1304 Aventinum
1096 1245 1176 1304 inse·

215 1329 314 1402 distis:
331 1333 414 1403 haec,
427 1350 501 1411 quae
513 1327 669 1389 faenebres
680 1326 769 1405 leges,
781 1326 864 1396 14444,
880 1329 1176 1405 quaeagrariassem·

188 1419 271 1493 oper
282 1416 462 1496 inpugnavit.
488 1414 563 1474 14444
575 1410 701 1471 44441414
715 1416 832 1489 patrum
848 1417 877 1470 et
891 1410 987 1488 plebis
1001 1411 1175 1492 interrupit;

215 1499 289 1560 14444
306 1499 386 1579 414141
398 1499 434 1558 ad
452 1495 569 1558 curules
590 1496 776 1572 nrsgistratus
791 1495 848 1553 iter
868 1493 1025 1574 obsaepsit.
1058 1495 1115 1554 1444
1131 1501 1177 1554 est

215 1599 323 1642 nomen
340 1582 432 1642 multo
448 1599 535 1659 quam
550 1579 778 1656 Tarquiniorum
792 1577 929 1638 infestius
948 1587 1063 1639 vestrae
1084 1577 1175 1638 liber·

185 1667 278 1724 titali.
317 1666 398 1724 itane
425 1663 560 1730 tandem,
583 1661 659 1738 1441
681 1658 801 1729 Claudi,
824 1677 892 1720 oum
913 1663 1092 1723 centesimus
1115 1663 1176 1722 iam

214 1765 309 1808 annus
326 1749 365 1808 sit
381 1746 418 1806 ab
431 1747 518 1806 Mam.
533 1743 655 1805 Aemilio
671 1743 828 1814 dictatore,
843 1751 1041 1806 totoensores
1055 1745 1174 1815 1444144,

215 1828 390 1892 nobilissimi
404 1829 615 1907 fortissimique
630 1827 701 1897 riri,
723 1845 811 1887 nemo
829 1845 932 1888 eorum
955 1829 1109 1889 duodecim
1130 1835 1175 1888 ta·

214 1911 298 1974 bulas
317 1913 407 1993 143141
435 1931 523 1974 nemo
547 1911 578 1971 id
597 1913 644 1972 ius
664 1929 743 1982 4444,
772 1912 850 1990 quod
877 1922 1028 1991 postremo
1048 1910 1175 1993 populus
1256 1925 1257 1935 ¹

99 2051 100 2060 ,
185 1997 360 2068 7144414444,
375 1998 459 2058 441141
484 1997 575 2056 immo
587 2012 657 2058 vero
669 2012 772 2055 omnes
783 1997 940 2064 sciverunt,
957 2004 988 2056 et
998 1997 1065 2056 ideo
1076 1995 1174 2057 Aemi·

214 2077 271 2139 liae
285 2083 382 2160 potius
395 2081 454 2159 legi
467 2085 630 2160 paruerunt
643 2097 732 2158 444444
746 2075 790 2138 illi
804 2081 955 2159 antiquae,
971 2098 1029 2159 qua
1043 2082 1173 2160 primum
1255 2147 1256 2154 ¹

213 2179 352 2225 censores
369 2166 461 2225 creati
474 2171 572 2234 erant,
599 2164 667 2243 quia
681 2164 759 2223 14444
773 2170 952 2243 postremam
976 2165 1103 2224 iusserat
1119 2179 1172 2244 po·
1255 2165 1256 2217 ζ

213 2246 315 2326 44144,
339 2255 369 2310 44
382 2250 463 2328 quia,
483 2247 536 2308 ubi
558 2247 633 2308 duae
656 2249 823 2308 contrariae
843 2245 924 2325 leges
944 2254 1027 2317 4444,
1055 2263 1174 2326 semper

185 2333 349 2410 santiquae
373 2333 498 2410 obrogat
518 2349 601 2391 nora.
639 2347 676 2391 au
696 2330 754 2390 hoc
773 2331 861 2399 dicis,
882 2331 973 2409 1441,
996 2348 1058 2391 444
1077 2330 1174 2397 teneri

213 2414 335 2475 Aemilia
353 2415 418 2494 lege
435 2413 594 2494 populum?
616 2431 653 2473 44
668 2412 810 2493 populum
821 2416 926 2485 teneri,
941 2423 971 2475 44
986 2432 1078 2476 unum
1093 2411 1173 2474 4414·
1254 2465 1255 2498 3

184 2499 281 2575 413444
296 2499 380 2560 44441
419 2500 514 2557 444444
532 2495 655 2558 Aemilia
674 2494 722 2557 144
742 2495 884 2557 violentos
903 2497 969 2558 illos
985 2515 1125 2558 censores
1140 2496 1173 2560 (1

213 2581 335 2642 Furium
352 2582 433 2642 4411.
448 2581 626 2658 Geganium,
646 2582 712 2659 qui,
731 2579 872 2660 quidiste
889 2583 1077 2658 magistratus
1091 2582 1124 2642 14
1139 2598 1174 2642 44

212 2663 330 2741 publica
352 2665 422 2725 mali
446 2665 544 2725 144444
568 2670 683 2743 444444,
704 2663 890 2736 indicarunt,
921 2684 989 2726 cum
1008 2666 1053 2725 ira
1072 2665 1173 2728 finitae
1253 2697 1254 2700 ¹

213 2751 366 2822 potestatis
387 2749 473 2808 liam.
493 2747 663 2818 Aemilium,
690 2749 855 2827 principem
882 2751 985 2810 aetatis
1006 2767 1076 2817 suae
1102 2747 1174 2809 belli

171 2827 367 2908 lodomique,
385 2832 530 2890 aerarium
547 2829 697 2899 lecerunt;
722 2833 817 2890 tenuit
837 2830 976 2910 deinceps
991 2834 1087 2894 omnis
1102 2847 1172 2893 cen·

213 2929 297 2973 sores
316 2914 394 2972 intra
416 2923 535 2973 4444444
556 2930 701 2973 annorum
718 2915 857 2996 spatium3
882 2923 963 2977 tenet
979 2917 1010 2978 C.
1026 2915 1172 2978 Plautium

172 2999 202 3051 11
213 2993 356 3074 collegam
371 3004 453 3056 tuum
469 2996 573 3056 isdem·
587 2998 739 3077 auspiciis,
765 2997 867 3060 eodem
883 3002 947 3061 iure
960 3010 1102 3061 creatum.
1134 3015 1172 3060 444

213 3077 292 3139 14444
309 3099 383 3150 444,
399 3086 432 3141 44
448 3082 498 3160 qui
509 3081 620 3160 optimo
639 3081 704 3142 iure
718 3099 824 3142 censor
838 3093 954 3144 creatus
965 3090 1059 3153 esset,
1077 3101 1172 3164 popu·

212 3157 259 3221 lus
275 3164 400 3224 creavit?
427 3170 460 3225 44
479 3182 556 3225 4444
570 3166 695 3226 eximius
712 3183 758 3235 es,
779 3167 809 3225 in
831 3185 889 3246 quo
906 3168 963 3228 hoc
980 3169 1171 3247 praecipuum

167 3249 205 3301 ’14
216 3261 250 3303 44
264 3247 412 3324 singulare
428 3247 540 3309 valenti
567 3268 656 3329 quem
676 3256 709 3312 44
723 3267 824 3327 regem
842 3253 1052 3312 sacrificiorum
1068 3249 1171 3312 444441

214 3327 366 3405 amplexus
380 3333 464 3408 regni
476 3350 594 3401 nomen,
609 3339 642 3393 44
652 3334 702 3412 qui
713 3334 896 3411 optimoiure
907 3335 1077 3396 4441444444
1086 3351 1170 3396 4444·

213 3413 261 3467 tus
275 3411 326 3479 sit,
344 3421 474 3473 creatum
487 3433 520 3475 44
534 3414 622 3475 dicet.
651 3433 740 3494 quem
757 3420 894 3480 semestri
907 3419 1066 3490 dictatura,
1081 3435 1172 3498 444444
1250 3423 1251 3432 ’
