2542 3956
166 171 228 232 350
313 182 408 224 meme
421 181 510 223 xxru.
527 179 596 222 aar.
613 167 657 220 30.
675 166 718 234 dl.
733 156 774 242 [a.
789 183 819 224 r.
835 165 932 222 eet&
947 157 1011 241 539]

167 330 271 402 terret,
287 337 322 390 ut
335 329 369 402 Ο.
384 327 509 390 Fabium
521 327 710 390 duumvirum
729 344 792 388 esse
812 325 950 388 iuberent
970 325 1052 389 aedis
1070 325 1129 388 de·

126 413 309 477 tedioaudae
336 431 432 474 eausa,
468 419 497 473 et
515 413 554 474 dl„
579 411 702 474 Aemilio
720 411 847 489 Lepido,
880 409 996 491 quibis
1017 409 1130 472 consul

167 515 319 578 augurque
335 497 444 568 luerat,
460 494 512 556 dlii
530 503 604 565 tres,
621 495 729 556 Lucius
747 495 864 556 llareus
880 496 1017 567 Quintus,
1035 493 1128 556 ludes

167 581 308 643 funebres
322 599 377 660 per
393 579 522 644 triduum
539 586 568 640 et
583 577 777 656 gladiatorum
800 580 882 658 paria
898 579 955 640 duo
974 586 1003 638 et
1018 579 1127 656 viginti

126 673 159 726 to
170 664 238 747 [per
253 662 397 744 triduum]
413 665 444 724 in
460 663 525 725 lero
540 662 695 724 dederam.
733 662 841 724 aediles
867 661 985 724 curules
1000 662 1032 724 G.
1047 663 1127 722 Lae·

167 751 259 811 torius
281 755 310 810 et
331 749 375 809 Ti.
398 749 597 827 Sempronius.
623 746 787 816 Gracchus,
813 746 914 810 eousul
940 745 1126 824 designatus,

167 835 218 913 qui
239 834 270 894 in
291 831 442 894 aedilitate
458 833 597 910 magister
620 833 750 910 equitum
769 831 879 901 luerat,
906 829 993 895 ludes
1013 829 1126 890 Roma·

126 924 157 975 17
169 935 224 979 nos
239 916 386 988 lecerunt,
402 917 452 996 qui
466 933 519 994 per
535 915 666 976 triduum
678 916 832 976 instaurati
846 923 923 976 sunt
947 913 1047 993 plebel
1062 913 1127 973 ludi

168 999 305 1061 aedilium
323 1001 361 1062 tt.
383 999 484 1062 Aureli
505 999 605 1060 Cottae
625 1007 656 1061 et
676 1000 714 1062 lt
737 998 838 1061 Claudi
858 997 991 1060 Marcelli
1010 1002 1058 1060 ter
1076 997 1125 1058 in·

167 1085 297 1144 staumti.

125 1173 157 1225 18
231 1166 414 1228 circumacto
439 1169 526 1230 tertio
545 1185 624 1229 anno
643 1167 747 1228 Punici
775 1165 846 1228 belli
860 1163 911 1228 li.
926 1166 1125 1245 Sampsonins

168 1249 270 1313 consul
285 1249 382 1312 idibus
393 1251 504 1314 Martiis
518 1253 723 1330 magistratum
740 1252 802 1314 init.
833 1258 990 1330 praetores-
1001 1250 1037 1321 Q,
1053 1249 1129 1310 Ful·-

167 1338 229 1398 rius
244 1334 375 1405 Flaccus
392 1337 442 1416 qui
457 1345 541 1398 antee
556 1337 599 1396 bis
614 1332 716 1396 semul
732 1353 895 1414 censorque
910 1335 1015 1404 luerat,
1030 1332 1127 1394 urba-

168 1439 249 1490 nam,
274 1419 312 1479 M.
334 1419 466 1481 Valerius
484 1420 627 1481 Laevinus
652 1420 840 1498 peregrinam
860 1426 970 1480 sortem
990 1418 1022 1478 in
1048 1417 1125 1478 iuris

166 1504 294 1564 dictione
310 1501 426 1572 habuit:
442 1505 495 1584 dp.
507 1503 646 1566 Claudius
660 1501 787 1564 Puleher
799 1503 942 1573 Siciliam,
958 1501 993 1573 Q.
1008 1501 1125 1562 Mucius

126 1595 157 1645 19
169 1585 306 1648 Scaeuola
322 1586 487 1648 Sardiniam
504 1588 597 1648 sortiti
612 1593 689 1648 sunt
718 1587 757 1648 Μ.
772 1585 911 1649 Marcello
930 1583 1125 1666 proconsule

166 1671 323 1748 imperium
356 1689 419 1730 esse
448 1669 574 1749 populus
608 1672 706 1740 iussit,
743 1671 822 1750 qaod
848 1677 914 1750 post
935 1669 1123 1732 Cannensem

167 1752 280 1814 cladem
295 1770 371 1812 unus
385 1753 586 1816 Romanorum
602 1754 814 1833 imperatorum
833 1755 864 1814 in
879 1753 963 1815 ltalia
977 1771 1122 1832 prospere

138 1843 229 1897 trem
245 1836 391 1914 gessisset
434 1836 536 1898 XXXl.
571 1838 788 1917 senatusque
811 1837 858 1898 die
879 1840 1006 1918 primum
1029 1843 1075 1898 est
1089 1837 1122 1896 in

167 1918 308 2000 Capitolio
321 1920 484 1987 consultus,
501 1921 643 1991 decrerit,
661 1928 693 1981 ut
704 1919 792 2002 [quo]
807 1940 842 1982 eo
857 1940 934 1983 anno
947 1920 1056 2000 duplex
1069 1921 1121 1980 tri·

137 2003 269 2066 ebulum
283 2005 492 2083 imperaretur,
510 2003 634 2085 simplex
640 2005 801 2066 coelestim
813 2008 994 2085 exigeretur,
1011 2024 1047 2066 ex
1063 2023 1120 2085 quo

166 2088 344 2167 stipendium
359 2106 501 2166 praesens
513 2089 649 2150 omuibus
669 2087 811 2150 militibus
832 2090 965 2160 daretur,
986 2095 1121 2168 prseter-

139 2179 254 2251 aquarn
269 2173 319 2252 qui
340 2171 447 2234 milites
467 2172 504 2232 ad
520 2172 634 2234 Cannas
656 2173 787 2234 luissent.
827 2172 864 2234 ds
881 2173 1059 2236 exercitibus
1080 2174 1121 2232 ita

167 2255 374 2327 decreverunt,
391 2263 425 2318 ut
435 2255 548 2316 duabus
559 2256 723 2335 legionibus
737 2256 858 2318 urbanis
870 2258 914 2320 Ti.
927 2257 1122 2337 Sempronius

167 2339 268 2399 consul
286 2338 414 2401 Calesad
429 2341 661 2402 conveniendum
674 2341 752 2404 diem
765 2341 910 2410 ediceret;
925 2341 994 2402 inde
1009 2359 1062 2401 eae
1078 2340 1120 2401 le·

41 2499 42 2502 Ἴ
166 2423 269 2501 giones
278 2423 310 2483 in
325 2431 420 2484 eastra
433 2424 589 2486 Claudiana
606 2444 695 2504 supra
709 2425 878 2486 Suessulam
892 2425 1120 2488 deducerentur.

137 2515 154 2563 4
166 2505 293 2586 quesibi
303 2506 433 2586 legiones
445 2515 544 2570 essent
557 2541 599 2558 ψ-
613 2517 804 2570 erantautem
818 2510 979 2572 Cannensis
993 2509 1121 2570 maxime

168 2592 316 2653 exereitus
332 2625 385 2664 7-,
399 2609 448 2654 eas
463 2593 573 2672 Appius
588 2591 725 2656 Gaudius
747 2591 873 2654 Pulcher
892 2601 1011 2672 praetor
1028 2595 1059 2654 in
1075 2593 1119 2654 Si·

167 2673 263 2734 ailiam
274 2676 428 2745 traiceret,
445 2693 578 2757 quaeque
587 2677 618 2736 in
633 2676 730 2738 Sicilia
745 2684 857 2748 essent,
874 2678 998 2739 Romam
1013 2675 1119 2756 deper-

138 2761 309 2820 tterentur.
337 2759 374 2820 ad
390 2762 559 2830 exereitum,
574 2762 622 2822 eui
636 2761 673 2821 ad
686 2760 919 2822 conveniendam
932 2760 1013 2824 Cales
1025 2759 1120 2820 edicta

168 2839 230 2898 dies
243 2848 319 2910 erat,
338 2842 376 2901 Μ.
398 2841 535 2904 Claudius
548 2843 706 2905 Marcellus
723 2846 842 2916 missus,
866 2847 950 2925 isque
971 2845 1067 2916 iussus
1088 2844 1118 2904 in

137 2929 261 2984 acastre
277 2921 435 2986 Claudiana
450 2924 596 2986 deducere
611 2925 740 2988 urbanas
762 2927 902 3008 legiones
932 2928 968 2989 ad
989 2936 1119 2988 veterem

167 3008 329 3069 exercitum
346 3007 550 3088 accipiendum
565 3006 829 3091 deducendumque
847 3013 917 3073 inde
940 3013 971 3072 in
989 3009 1119 3072 Siciliam

167 3091 380 3154 'renascens
404 3093 492 3155 Croto
519 3091 632 3171 legatus
657 3093 694 3154 ab
715 3096 768 3175 Ap.
790 3095 910 3158 Claudio
935 3102 980 3158 est
1004 3095 1119 3158 missus.

140 3176 250 3235 ttaeiti
269 3177 366 3256 primo
388 3184 614 3254 expectaverant
633 3177 788 3250 homines,
808 3181 852 3240 uti
877 3177 979 3241 eoesul
1002 3178 1119 3238 comitia

160 3256 298 3336 ¹collegae
314 3259 442 3320 creando
454 3259 591 3331 haberem
608 3261 727 3332 deinde,
743 3261 794 3324 ubi
808 3262 974 3341 ablegatum
989 3259 1067 3322 velut
1083 3260 1118 3321 de

168 3340 312 3401 industria
323 3341 542 3404 utiaroeltum
556 3343 708 3415 viderunt,
725 3364 813 3425 quem
831 3339 1118 3409 maximeeonsulem

170 3419 202 3478 in
220 3438 286 3481 eum
301 3440 410 3483 annum
431 3423 469 3483 ob
487 3427 605 3503 egregie
624 3428 656 3488 in
677 3436 816 3506 praetura
836 3448 885 3491 res
905 3437 1002 3509 gestas
1022 3427 1119 3490 creari
