2538 3946
222 199 285 262 242
401 213 496 254 urana
508 213 572 254 xxa.
594 213 664 256 ons.
678 197 717 250 45.
735 197 779 251 46.
797 188 836 272 [a.
851 212 884 251 n.
898 211 925 252 c.
939 187 1002 272 aab]

224 361 340 424 accensi
353 359 477 420 militum
492 359 582 418 animi
597 362 705 430 essent,
724 355 849 418 Romani
862 364 953 438 ponte
967 357 1104 419 Ticinum
1118 359 1184 420 ion·
1249 343 1250 426 ἶ

224 452 298 524 gunt
312 443 484 522 tutandique
503 444 602 522 pontis
624 459 711 502 causa
724 441 875 503 castellum
895 441 1181 522 insuperinponuut,
1249 449 1250 508 J

193 528 341 590 aPoenus
354 526 488 588 hostibus
503 543 594 604 opere
609 525 758 604 occupatis
768 523 968 586 Maharbalem
979 542 1047 585 cum
1063 523 1109 586 ala
1123 526 1180 587 Nu·

224 611 385 682 midarum,
401 609 546 690 equitibus
557 609 739 688 quingentis,
756 607 793 668 ad
804 605 1024 687 depopulandos
1035 610 1181 670 sociorum

195 701 212 754 3
223 693 325 775 populi
346 694 471 755 Romani
494 710 581 770 agros
600 693 704 760 mittit;
726 691 816 753 Gallis
836 693 919 770 parci
939 709 1027 770 mam
1055 694 1180 753 manme

222 779 305 840 iubet
330 778 556 858 principumque
590 776 704 836 animos
733 773 769 834 ad
800 775 995 835 delectionem
1021 773 1180 836 sollicitari.
1249 779 1250 858 l

223 869 314 941 ponte
344 860 484 939 perlecto,
509 858 660 920 traductus
680 857 829 920 Romanus
854 859 1001 918 exercitus
1019 858 1051 918 in
1079 875 1180 937 agrum

223 943 393 1005 Insubrium
414 943 544 1021 quinque
567 941 647 1002 milia
671 958 788 1021 passum
810 959 827 1002 a
847 940 1019 1002 Victumulis
1039 944 1182 1003 consedit.

194 1027 267 1090 elht
283 1025 429 1087 Hannibal
444 1035 539 1086 castra
553 1024 695 1093 habebat;
715 1030 910 1104 revocatoque
924 1041 1052 1104 propere
1066 1025 1181 1087 llahar-

223 1108 289 1171 bale
304 1116 391 1189 atque
406 1107 560 1188 equitibus,
577 1126 643 1169 cum
654 1109 764 1168 hastare
779 1115 929 1169 certamen
941 1114 1092 1178 cerneret,
1109 1104 1184 1170 nihil
1249 1171 1250 1174 Ἴ

224 1210 364 1272 umquam
375 1193 444 1252 satis
456 1191 565 1253 dictum
580 1192 853 1271 praemonitumque
866 1191 902 1253 ad
918 1191 1116 1252 cohortandos
1128 1193 1183 1253 mi·
1249 1241 1250 1244 ,

224 1275 290 1338 lites
301 1283 397 1346 ratuS,
412 1275 520 1336 vocatis
532 1275 569 1336 ad
581 1275 748 1336 contionem
764 1282 843 1336 certa
858 1277 987 1354 praemia
1001 1277 1174 1354 pronuntiat

192 1367 212 1431 Α5
224 1363 255 1420 in
270 1377 396 1440 quorum
412 1378 495 1438 spem
515 1365 696 1440 pugnarent:
718 1376 821 1436 agrum
837 1377 903 1420 sese
918 1358 1055 1420 daturum
1070 1377 1136 1420 csse
1151 1362 1183 1420 in
1249 1379 1250 1434 ξ

223 1443 305 1505 ltalia
325 1443 424 1504 Africa
443 1443 597 1520 Hispania,
619 1441 672 1502 ubi
695 1443 818 1521 quisquc
837 1442 920 1513 velit,
943 1443 1095 1503 inmunem
1116 1443 1181 1523 ipsi,

224 1529 275 1606 qui
289 1527 463 1605 accepisset,
478 1525 652 1605 liberisque;
671 1527 722 1604 qui
732 1526 887 1605 pecuniam
899 1544 987 1605 quam
1000 1543 1105 1602 agrum
1120 1545 1182 1588 ma·
1249 1533 1250 1598 t

196 1610 340 1678 aluisset,
363 1611 390 1669 ei
410 1627 442 1668 se
460 1615 582 1686 argento
600 1609 833 1678 satisfacturum
860 1611 910 1688 qui
938 1609 1085 1670 sociorum
1105 1611 1183 1670 cives
1249 1621 1250 1676 g

225 1692 479 1769 Carthaginienses
501 1692 567 1751 lieri
588 1690 710 1761 vellent,
742 1699 917 1772 potestatem
944 1693 1106 1761 iacturum
1132 1696 1183 1772 qui

224 1775 327 1835 domos
345 1774 444 1834 redire
457 1772 593 1844 mallent,
610 1773 746 1836 daturum
761 1795 793 1836 se
808 1794 944 1855 operam,
966 1793 1004 1836 ne
1020 1777 1104 1838 cuius
1115 1795 1183 1837 suo·
1249 1771 1250 1820 l

223 1877 290 1919 rum
311 1856 496 1938 popularium
517 1863 658 1918 mutatam
682 1876 783 1919 secum
804 1859 952 1920 fortunam
977 1877 1041 1920 esse
1062 1857 1183 1922 vellent.
1249 1859 1250 1934 l

193 1942 316 2002 iservis
347 1958 463 2020 quoque
484 1940 619 2001 dominos
648 1944 812 2021 prosecutis
838 1942 1004 2004 libertatern
1031 1946 1183 2023 proponit,
1249 1941 1250 2034 l

193 2024 350 2102 8binaque
369 2042 424 2102 pro
447 2025 493 2085 his
507 2025 653 2104 mancipia
669 2025 795 2085 dominis
815 2043 847 2086 sc
862 2027 1056 2088 redditurum.
1088 2045 1184 2108 eaque
1249 2051 1250 2110 q

222 2116 256 2168 ut
270 2115 334 2168 rata
350 2109 461 2168 scirent
476 2107 555 2176 lore,
580 2125 687 2185 agnum
702 2107 783 2170 laeva
798 2126 903 2181 manu,
927 2110 1047 2171 dextera
1067 2109 1184 2172 silicem

222 2191 369 2259 retinens,
385 2191 410 2249 si
425 2189 553 2260 falleret,
574 2191 671 2252 Iovem
690 2201 862 2272 ceterosque
879 2201 1017 2272 precatus
1036 2192 1127 2264 deos,
1141 2197 1184 2256 ita
1249 2223 1250 2248 ÷

221 2295 254 2338 sc
265 2283 437 2348 mactarent,
449 2295 537 2352 quem
551 2277 587 2336 ad
613 2275 728 2336 modum
740 2277 803 2355 ipse
818 2294 927 2354 agnum
938 2283 1104 2348 mactasset,
1122 2277 1183 2359 [et]

194 2357 383 2418 seecundum
398 2357 598 2434 precationem
607 2366 694 2437 caput
704 2359 825 2437 pecudis
843 2377 912 2420 saxo
925 2359 1009 2422 elisit.
1035 2367 1100 2422 tum
1112 2380 1182 2422 vero
1249 2353 1250 2388 ³

109 2489 112 2496 .
222 2457 325 2501 ornnes
348 2439 427 2500 velut
441 2440 496 2499 diis
510 2441 678 2500 auctoribus
698 2443 729 2501 in
746 2461 829 2521 spem
840 2461 923 2506 snam
937 2446 1062 2523 quisque
1075 2462 1183 2524 accep·

220 2526 259 2584 tis
269 2522 310 2591 ,id
325 2541 441 2595 morae,
458 2522 537 2600 quod
554 2523 684 2584 nondum
704 2535 886 2603 pugnarent,
903 2527 939 2588 ad
960 2528 1100 2606 potienda
1115 2547 1184 2608 spc-

221 2596 284 2668 rath
301 2609 373 2676 rati,
392 2605 538 2686 proelium
550 2625 610 2667 uno
626 2609 723 2668 animo
739 2615 768 2668 et
783 2627 853 2669 voce
869 2628 928 2671 uua
942 2619 1078 2688 poscunt.

195 2697 208 2746 1
282 2690 379 2750 XLVI.
413 2690 498 2768 Apud
517 2691 665 2751 Romanos
687 2691 912 2772 haudquaquam
942 2701 1022 2754 tanta
1043 2693 1184 2756 alacritas

222 2779 300 2841 erat,
327 2790 417 2850 super
438 2780 536 2833 cetera
562 2773 841 2848 recentibusetiam
869 2777 988 2838 territos
1019 2778 1183 2857 prodigiis:

192 2863 288 2914 anam
305 2860 334 2914 et
347 2852 433 2932 lupus
456 2856 618 2916 intraverat
641 2864 737 2917 castra
752 2857 925 2939 laniatisque
948 2859 1040 2922 obviis
1054 2863 1122 2942 ipse
1136 2866 1184 2922 in-

219 2944 314 2998 tactus
331 2943 475 3006 evaserat,
497 2947 526 2998 et
541 2956 664 2999 examen
678 2958 766 3017 apum
781 2942 812 3001 in
827 2943 934 3004 arbore
947 2947 1098 3023 praetorio
1126 2946 1184 3006 inr-

190 3023 349 3082 uminente
363 3019 544 3082 consederat.
573 3020 678 3099 quibus
685 3026 849 3101 procuratis
856 3026 954 3106 Scipio
961 3046 1028 3088 curn
1045 3031 1184 3108 equitatu

218 3104 484 3184 iaculatoribusque
507 3104 649 3183 expeditis
670 3107 820 3184 proiectus
835 3109 872 3170 ad
887 3118 983 3172 castra
997 3111 1129 3173 hostiurn
1146 3131 1184 3173 ex

218 3191 384 3267 propinquo
409 3189 580 3268 copiasque,
614 3197 739 3268 quantae
764 3197 794 3252 et
819 3193 901 3252 cuius
929 3195 1046 3272 generis
1067 3205 1184 3270 essent,

219 3268 425 3347 speculandas,
441 3269 545 3332 obvius
559 3272 593 3332 fit
605 3273 763 3334 Hannibali
777 3276 879 3354 stipsi
893 3294 960 3338 cum
977 3277 1128 3356 equitibus
1144 3284 1186 3344 ad

187 3351 397 3428 ecxploranda
423 3357 502 3415 circa
521 3353 586 3415 loca
611 3373 778 3434 progresso.
821 3361 921 3420 neutri
945 3359 1055 3422 alteros
1075 3364 1185 3441 prima

220 3432 393 3505 cernebant,
409 3434 529 3497 densior
542 3436 647 3497 deinde
664 3441 781 3501 incessu
802 3447 847 3502 tot
860 3441 1014 3505 hominum
1029 3461 1184 3524 equorum
