2526 3940
196 235 244 281 XX
419 231 672 280 Dtscuuuartuta
695 231 920 280 scutt’tttssau.

714 315 763 358 un.
779 315 899 368 vtt.41,r
913 337 938 348 -
951 315 993 357 itu
1018 315 1072 359 vm.
1086 319 1106 367 a,
1121 318 1152 360 te.

195 389 233 451 qui
298 387 411 448 fugissent
429 402 475 437 om.
493 385 567 436 Voss.
581 386 612 441 2‚·
630 393 653 435 et
664 401 694 436 ne
706 388 822 450 particeps
833 400 914 436 eorum
932 393 1007 448 esset,
1026 388 1065 450 qui
1083 389 1143 438 abl.

195 455 309 514 fugissent
324 455 364 504 rll.
381 449 386 516 Ι
405 453 430 504 7.
448 455 601 568 iungerentur
618 452 634 501 1
649 466 718 509 νοω
735 454 874 516 imperatore
890 468 927 504 re.
949 451 953 516 Ι
973 454 1077 517 patribus
1095 470 1152 504 eon·

194 521 291 584 seriptis
303 535 354 569 ree.
362 521 447 584 pund.
463 515 468 585 Ι
502 560 507 571 .
526 533 600 583 aeque
612 521 714 582 inpotest
723 518 768 571 cl.
784 521 789 577 Ι
804 520 924 570 merebant
936 527 960 569 ut
972 528 1048 570 autem
1061 520 1092 576 1‚·
1105 537 1141 570 me

195 586 278 636 rebant
289 593 366 646 autem
378 594 403 636 ut
411 602 463 639 rec.
478 587 485 646 Ι
499 601 553 636 aera
563 586 884 636 diruerentorctJltoclciaa.
900 585 904 648 Ι
919 587 1057 641 auersatilr
1069 589 1152 637 aduer-

194 654 251 702 sarii
261 653 322 703 Lou.
330 653 354 704 4.
366 653 379 720 ΙΙ
389 654 430 712 42,
441 653 464 704 1.
478 654 596 714 genutium
605 653 623 701 J
630 667 682 703 ree.
698 653 704 713 Ι
717 654 747 703 ad
758 654 850 717 plebem
859 653 923 703 ΑΟ]
931 655 990 708 all,-
1001 654 1031 702 ad
1044 656 1152 718 populum

195 717 317 783 (Eleae,
329 721 387 771 edd.
398 720 473 772 u.Al.
489 721 494 782 Ι
510 721 627 770 loeoerari
639 734 691 771 ree.
707 719 712 781 Ι
726 719 751 772 2.
764 735 808 769 neo
818 721 876 770 duos
888 735 939 772 ree.
955 715 961 784 Ι
975 735 1088 770 concesse
1100 731 1153 770 sunt

195 785 224 838 θ.
239 786 243 847 Ι
263 784 346 864 &jer
358 788 478 838 consulem
490 787 567 838 Harl.
580 786 609 846 2,
627 788 686 838 edd.
704 802 728 836 a.
746 786 787 838 b2.
802 785 807 850 Ι
822 802 887 838 roma
905 787 1011 838 uenirent
1024 787 1040 836 1
1048 788 1112 839 Leo.
1127 789 1152 838 4.

195 869 238 933 Ι4.
256 871 280 919 in
293 878 310 922 t.
323 872 397 935 quinti
418 869 478 924 Ao.-
495 870 547 918 initi
564 870 638 934 quinti
655 869 693 920 Η.
709 869 714 932 Ι
729 870 811 919 manili
828 869 922 920 AGHI
938 872 980 922 all.
996 869 1001 932 Ι
1016 870 1039 922 5.
1060 878 1153 934 repenle

193 945 271 987 tenum
283 939 307 986 in
321 939 368 987 atla
381 943 416 986 est
427 937 524 986 armatis
535 935 561 988 1.
576 935 581 998 Ι
595 934 621 985 6.
633 937 747 1000 permixto
756 936 782 988 Ῑ.
798 937 802 999 Ι
817 939 847 987 ad
858 943 937 1000 patres
949 937 1058 988 retulisse
1067 937 1091 988 1.
1108 936 1112 1000 Ι
1127 935 1151 988 8.

194 1005 291 1054 norham
305 1003 380 1054 otta.
394 1004 457 1054 Lon.
470 1003 486 1052 4
491 1019 501 1058 .·
512 1003 586 1073 norbe
597 1003 639 1058 A,·
655 1003 730 1052 narba
741 1004 785 1058 H,-
802 1004 860 1053 orbe
872 1003 888 1052 I
899 1019 968 1062 rou:
985 1005 1084 1063 norbae,
1098 1019 1153 1052 nor-

193 1072 307 1134 hamque.
325 1070 444 1134 norhaque
455 1083 506 1122 roe.
524 1069 528 1132 Ι
544 1077 613 1134 atque
624 1071 708 1118 setiam
722 1069 786 1120 cell
798 1069 843 1122 Kl.
855 1071 918 1121 Lue.
934 1070 964 1128 4,
982 1078 1050 1135 atque
1062 1071 1152 1120 sellium

193 1136 273 1195 aoh-
289 1138 332 1187 sed
345 1138 416 1188 eliam
432 1136 452 1185 Ι
461 1151 528 1194 reo..
544 1137 587 1186 sed
597 1137 645 1186 iam
661 1152 714 1194 ro.,·
731 1139 876 1200 priueroalas
895 1139 965 1187 etlam
982 1153 1028 1187 non
1047 1139 1153 1188 ardentes

193 1211 283 1254 tantum
294 1205 337 1254 sed
349 1211 372 1254 et
383 1203 482 1253 sutrium
495 1203 602 1253 colonias
613 1210 662 1255 ete.
673 1204 764 1253 similla
774 1219 827 1255 rou.

262 1287 314 1336 Lib.
327 1287 386 1338 Vlll.
405 1287 527 1336 Periocha.
546 1286 634 1350 oppido
653 1301 679 1335 ex
692 1287 713 1334 is
725 1287 789 1336 cales
802 1293 870 1352 eapte
889 1289 953 1337 cales
965 1287 1029 1344 Nu,-
1044 1288 1069 1336 in
1087 1287 1153 1350 oppi-

194 1354 249 1404 dum
262 1368 288 1402 ex
300 1354 335 1402 eis
347 1359 440 1416 captum
452 1354 515 1401 eules
527 1355 590 1416 oleo.
607 1350 612 1414 Ι
626 1353 724 1401 deducta
737 1352 874 1414 eulaeum,
894 1355 1009 1404 deductae
1025 1360 1079 1403 sunt
1095 1354 1152 1402 edd.

195 1419 208 1484 ΙΙ
222 1419 245 1479 1,
260 1419 282 1471 l.
295 1421 398 1468 Plautius
410 1417 448 1475 St,
460 1419 571 1482 pletatius
583 1417 648 1468 AOI
659 1421 711 1474 ull..
725 1417 840 1470 emund.
857 1421 862 1482 Ι
877 1422 906 1472 ll.
920 1421 969 1470 AG
978 1422 1037 1477 all.,·
1049 1435 1095 1471 om.
1110 1419 1133 1470 l.
1148 1420 1152 1482 Ι

193 1488 210 1538 l.
222 1501 289 1546 reo..
303 1487 358 1536 titos
370 1484 419 1535 Ao
427 1483 471 1536 Kl.
482 1486 538 1540 all..
551 1492 568 1534 t.
582 1485 690 1533 aemilius
702 1497 846 1545 mamercus,
862 1485 977 1536 Cassiod.
987 1484 1040 1549 (1),
1054 1501 1154 1535 memar-

194 1568 236 1603 eus
248 1557 288 1609 A.
305 1552 463 1602 mamertinus
480 1564 533 1601 ree.
553 1550 598 1600 Gr.
614 1551 681 1611 liam
750 1565 882 1601 mamercus
900 1567 946 1602 om.
959 1551 995 1602 Η.
1012 1555 1016 1613 Ι
1031 1553 1108 1600 rediri
1121 1554 1154 1608 A,

194 1621 279 1670 seutiul
292 1620 331 1669 nel
342 1620 450 1668 ardentes
461 1617 596 1667 consentini
614 1619 675 1666 alliu
685 1633 739 1668 ree.
755 1617 760 1677 Ι
775 1625 872 1682 accepta
884 1615 910 1669 1.
925 1614 930 1671 Ι
945 1619 970 1669 2.
982 1619 1049 1676 item]
1062 1620 1154 1682 quidem

193 1686 238 1738 Kl.
254 1688 259 1749 Ι
275 1693 310 1736 est
321 1701 368 1736 om.
382 1684 407 1733 A
425 1682 489 1735 Lon.
501 1684 526 1736 4.
542 1682 548 1745 Ι
562 1681 586 1736 3,
599 1686 665 1734 uenit
676 1683 771 1734 AOHI
782 1687 839 1742 all..
859 1685 937 1734 euenit
948 1685 1006 1735 edd.
1020 1684 1106 1748 (roc.),
1119 1686 1153 1748 ef.

194 1751 234 1813 29,
248 1751 326 1812 20,4.
341 1748 347 1817 Ι
362 1751 596 1816 prluernuutbellum
610 1750 639 1801 d.
653 1751 735 1808 Bell..
764 1752 971 1802 rinernasbellum
982 1751 1076 1816 suopte
1091 1751 1153 1812 Gn!
1223 1748 1233 1776 ³
1259 1753 1260 1810 j

194 1829 320 1888 prouentus
328 1818 353 1871 1.
370 1820 374 1881 Ι
388 1819 413 1868 4.
427 1818 522 1868 antiatis
533 1817 565 1880 0,
579 1819 678 1867 antistes
690 1820 731 1870 rll.
747 1767 809 1883 Ιοοε
821 1833 905 1868 numen
918 1825 1000 1869 neutro
1010 1818 1044 1870 A.
1060 1816 1065 1881 Ι
1080 1817 1109 1868 de
1122 1815 1155 1882 (di
1259 1811 1260 1820 ’

193 1905 224 1940 m.
238 1887 264 1951 2)
277 1889 349 1937 remis
361 1887 403 1936 sed
415 1885 449 1938 A.
466 1883 470 1950 Ι
485 1884 509 1937 b.
523 1893 579 1949 quot
588 1887 653 1934 uiros
664 1901 716 1936 roe.
732 1885 737 1948 Ι
752 1884 845 1949 amise(i
858 1902 888 1938 m.
901 1884 995 1948 susem
1007 1882 1052 1936 01.
1067 1882 1073 1951 Ι
1088 1893 1156 1934 noete

194 1954 370 2010 tenentium..
384 1960 453 2004 noete
464 1953 564 2017 protecti
577 1953 617 2003 ud.
630 1952 718 2010 Fului..
732 1961 801 2003 noete
812 1955 918 2019 prouecti
931 1949 1071 2017 (prodentis)
1083 1967 1135 2004 reo.
1150 1951 1155 2014 Ι

193 2025 283 2075 antium
293 2022 397 2084 agmine]
406 2021 470 2070 antio
480 2016 533 2084 (uel
541 2017 567 2082 a)
577 2033 659 2081 magne
666 2019 690 2069 A
697 2018 813 2086 (adsere.
822 2022 920 2070 maxime
929 2020 1022 2083 Drla.),·
1031 2022 1054 2069 in
1065 2022 1157 2082 agmine

194 2091 238 2140 Ill.
254 2087 259 2152 Ι
274 2089 380 2154 trepidos
398 2086 463 2137 0111
480 2089 522 2138 ull.
544 2084 548 2147 Ι
567 2083 648 2150 l(m.3
665 2089 691 2135 lu
708 2089 725 2138 l.
737 2086 996 2152 rasolpedimentomm
1014 2083 1156 2202 subinane-

194 2159 350 2207 dimenlorum
362 2169 463 2218 corpora
478 2154 520 2204 rll.
538 2152 646 2204 euml.
663 2161 666 2216 Ι
682 2153 808 2204 habierunt
820 2155 847 2206 0.
863 2152 869 2218 Ι
882 2153 908 2204 6.
922 2157 958 2214 in]
976 2156 1038 2204 inter
1094 2155 1136 2204 all.
1152 2154 1156 2192 t

194 2224 315 2275 luaemam'
326 2222 377 2282 Aa,
389 2223 470 2281 marti,
484 2221 567 2271 ealuae
577 2222 660 2282 marti,
675 2223 728 2270 loco
743 2223 886 2274 martisrce.
902 2221 906 2287 Ι
923 2221 1073 2285 ῆυόιῃωοΑ.
1089 2219 1094 2281 Ι
1109 2235 1157 2268 ma-

193 2293 303 2342 ritumam
320 2292 360 2341 od.
372 2289 452 2340 Parte
468 2289 539 2354 apud
549 2288 592 2339 Al.
607 2284 613 2352 Ι
628 2287 652 2337 7.
665 2289 781 2340 sabelium
793 2289 843 2340 Ao
852 2291 911 2347 all..
925 2290 956 2339 ad
967 2288 1054 2338 bellum
1067 2288 1085 2336 Ι
1095 2302 1157 2345 rou,
1225 2323 1236 2332 .

195 2359 225 2408 ad
237 2358 352 2409 sabelium
369 2358 428 2408 edd.
446 2372 471 2407 a.
490 2355 514 2407 b.
527 2355 552 2406 2.
568 2356 572 2418 Ι
587 2352 611 2406 8.
631 2357 669 2406 uis
681 2357 805 2416 aduersus]
824 2358 861 2406 uis
873 2370 997 2407 areuersus
1009 2356 1034 2406 I.
1050 2353 1054 2416 Ι
1069 2353 1094 2404 9.
1113 2369 1158 2418 que

195 2425 251 2490 (que
260 2441 291 2476 m.
304 2424 331 2486 2)
345 2422 412 2474 eoA.
428 2422 433 2486 Ι
448 2438 496 2473 non
508 2422 621 2472 aduersus
633 2421 679 2474 01.
715 2421 756 2476 10.
769 2424 980 2489 pulmentorum
991 2437 1052 2488 mro.
1064 2420 1156 2485 poaC.

195 2495 200 2556 Ι
214 2477 258 2543 ndo
270 2494 295 2542 lu
308 2493 414 2550 dicione]
427 2497 467 2539 aut
478 2491 568 2540 ditione
580 2491 612 2539 ei.
627 2484 689 2556 Gaul
707 2489 730 2547 2,
745 2489 768 2541 1.
781 2491 808 2541 T.
822 2491 895 2549 edd..
913 2491 950 2540 tt.
963 2489 1001 2541 Sl.
1017 2486 1022 2553 Ι
1035 2487 1076 2554 ῇῐ.
1089 2503 1157 2538 seua-
1258 2557 1259 2562 Ἰ

194 2584 242 2626 tom
254 2573 310 2626 Ac.
326 2571 333 2636 Ι
346 2575 385 2624 hle
398 2571 425 2626 0.
441 2557 499 2639 intr
509 2571 650 2622 samnitibus
663 2570 718 2624 AO.
734 2568 740 2637 Ι
754 2573 848 2623 stetisse
859 2572 908 2622 AO
918 2575 975 2631 ull..
989 2574 1074 2622 iecisse
1085 2588 1137 2624 reu.
1152 2572 1157 2637 Ι

194 2651 211 2693 t.
224 2644 317 2693 aedium
329 2639 382 2692 At.
398 2636 403 2707 Ι
418 2641 547 2691 amicitiam
559 2640 595 2690 A.
610 2637 615 2700 Ι
629 2640 655 2688 4.
668 2641 784 2690 mensium
791 2639 842 2691 A2.
858 2639 863 2702 Ι
878 2638 1004 2705 quoatAl.
1018 2641 1079 2704 quod
1091 2641 1120 2689 ad
1132 2640 1158 2691 l.

196 2709 200 2771 Ι
215 2710 315 2761 redisset
326 2706 371 2760 cl.
387 2708 391 2772 Ι
406 2706 430 2759 b.
442 2710 489 2768 usi]
501 2709 566 2758 usuri
576 2706 663 2769 Meloe.
673 2707 729 2758 Em.
742 2706 804 2764 157,-
815 2708 863 2758 sed
870 2707 959 2770 suerat
971 2715 1052 2758 tumen
1062 2707 1157 2769 hellam,

195 2793 217 2828 o.
233 2776 299 2836 1„7‚·
311 2775 363 2840 ἱροί
373 2781 456 2826 aulem
467 2776 685 2831 detrectaveraul;
702 2777 876 2839 requireretur
888 2775 965 2840 igilur
977 2777 1009 2825 uti
1022 2776 1158 2831 noluerant;
1258 2787 1259 2828 ξ

194 2845 277 2895 uilium
289 2843 364 2893 ellam
380 2841 476 2894 Duker.
488 2840 592 2892 subesse
601 2847 685 2904 patae,
699 2843 747 2891 sed
757 2841 844 2892 bellum
852 2844 940 2905 putiau
952 2858 966 2892 e
977 2843 1062 2906 eleseu
1075 2857 1138 2892 esse.
1153 2843 1157 2905 Ι

195 2912 258 2961 haud
270 2909 342 2961 dubia
354 2923 396 2972 ape
408 2924 454 2961 om.
467 2910 492 2959 in
504 2907 565 2970 Kb,
579 2909 640 2958 haud
652 2911 675 2957 in
688 2909 761 2960 dubio
772 2924 825 2961 roe.
840 2905 846 2974 Ι
860 2906 884 2958 6.
898 2910 964 2974 prius
976 2924 1022 2962 om.
1034 2908 1060 2960 Ι.
1075 2908 1081 2972 Ι
1096 2909 1159 2968 lieri]

195 2975 282 3030 leriH.
299 2976 304 3042 Ι
320 2974 534 3028 deiudeed.10r.
549 2975 555 3038 Ι
569 2975 720 3040 ultimamque
732 2977 825 3026 taudem
835 2975 1051 3028 necesstutemlll.
1067 2975 1071 3034 Ι
1085 2975 1158 3035 lna]

195 3061 240 3096 neo
252 3060 304 3096 roe.
321 3045 326 3109 Ι
341 3045 379 3093 hia
396 3057 422 3094 se
438 3051 463 3093 ut
481 3058 580 3107 aequom
597 3050 647 3092 erat
658 3035 794 3093 ahstlndere
804 3042 850 3095 At.
865 3042 871 3106 Ι
885 3040 909 3093 8.
928 3045 975 3093 line
987 3044 1022 3094 A.
1037 3039 1042 3108 Ι
1057 3044 1159 3104 gladium

197 3111 257 3174 GL,
278 3111 396 3162 claudium
409 3125 461 3162 roe.
476 3105 482 3174 Ι
496 3107 520 3160 9.
539 3110 659 3164 audissent
670 3109 696 3160 I.
712 3109 716 3171 Ι
734 3107 772 3162 10.
791 3117 816 3159 ut
833 3111 954 3160 sullieeret
966 3111 1069 3161 romanis
1085 3125 1138 3162 ree.
1154 3110 1159 3173 Ι

192 3181 321 3230 uictoriam
334 3191 401 3230 suam
412 3177 520 3241 salnai,
539 3193 561 3228 u.
574 3175 604 3232 3,
616 3176 646 3232 7.
659 3174 691 3233 5,·
710 3173 756 3234 30,
773 3174 819 3240 38,
835 3174 867 3226 12
878 3177 936 3235 all..
954 3179 1078 3229 uictoriam
1090 3191 1159 3240 quan

111 3258 116 3264 ·
195 3247 262 3304 edd..
274 3247 399 3296 uictoriam
408 3243 514 3303 Duker..
523 3243 583 3307 prb.
594 3242 681 3308 Μάνῃ.
691 3241 748 3295 Em.
758 3245 774 3295 l.
785 3245 802 3296 l.
819 3245 823 3308 Ι
838 3242 878 3297 ll.
886 3245 934 3304 sin]
943 3245 964 3295 si
973 3259 1025 3296 ree.
1041 3240 1047 3310 Ι
1061 3259 1160 3294 coarce-

196 3313 299 3365 raut-A.
318 3313 436 3368 anrlu„
455 3318 592 3361 eoereerent
606 3312 648 3361 rll.
663 3315 668 3373 Ι
684 3309 724 3360 12.
743 3311 788 3361 hou
805 3326 858 3363 ree.
873 3311 878 3374 Ι
899 3313 1013 3362 timebant
1029 3311 1069 3376 qui
1086 3310 1139 3362 At,
1154 3309 1159 3372 Ι

191 3379 365 3430 uballanaretin
378 3380 412 3430 A.
428 3377 433 3443 Ι
449 3376 490 3431 13.
508 3379 667 3428 uenditionem
680 3391 745 3435 esse,
761 3379 810 3428 sed
826 3393 878 3428 esse
894 3393 962 3429 eras.
975 3379 1009 3430 A.
1025 3375 1030 3443 Ι
1044 3379 1161 3444 perditiov

197 3461 249 3496 nem
263 3443 418 3510 (deditionem
429 3443 455 3508 2)
470 3444 497 3496 0.
514 3444 519 3507 Ι
534 3459 559 3494 se
572 3445 644 3494 uelint
655 3443 690 3496 A.
705 3443 712 3507 Ι
725 3446 813 3495 latinos
824 3445 862 3496 H.
877 3443 882 3510 Ι
896 3461 942 3510 quo
954 3460 1015 3503 ree..
1029 3445 1084 3505 Gr..
1097 3445 1160 3510 quod

196 3515 258 3562 mett.
276 3513 280 3576 Ι
295 3511 435 3577 prohibeant
447 3511 477 3559 H
488 3511 550 3561 Lau.
563 3512 602 3572 4.,
615 3512 676 3575 quod
754 3510 879 3576 prohibeat
890 3514 983 3576 aaupe’e.
998 3511 1041 3563 Gr.
1057 3507 1063 3577 Ι
1078 3512 1161 3576 prohi-
