2542 3956
187 192 254 256 296
394 207 490 248 nmen
500 205 578 248 1111.
593 205 661 248 car.
676 191 718 247 39.
736 183 776 266 [a.
789 208 821 246 u.
837 207 864 246 c.
877 183 940 267 5³8]

153 355 279 425 emitis
301 371 518 435 supervacanea
540 361 619 416 esset
639 355 732 414 oratio
755 371 836 423 mea;
858 371 926 414 nam
949 359 979 412 et
994 352 1053 413 duo
1074 351 1161 412 boni

189 438 326 500 consules
341 441 429 498 etiam
443 456 492 499 me
510 439 659 498 indicente
679 439 777 498 omnia
802 455 820 496 e
841 455 876 498 re
897 436 1014 515 publiea
1034 437 1162 511 noeque

188 531 285 584 restra
299 523 436 583 laceretis
450 529 479 582 et
499 521 570 582 mali
581 539 637 582 nec
650 539 715 582 mea
728 520 819 581 verba
833 520 953 580 auribrn
972 522 1079 581 vestris
1093 537 1160 579 nec

160 606 312 668 tconsilia
326 608 432 666 animis
451 606 633 683 acciperetis.
663 621 744 664 nunc
758 612 787 664 et
800 603 954 682 conlegam
971 612 1056 664 tunm
1071 611 1103 662 et
1127 611 1160 662 te

189 690 279 752 talem
295 692 391 751 virum
406 691 532 750 intuenti
552 688 624 748 mihi
644 695 742 748 tecum
757 690 853 748 omnis
868 690 963 748 oratio
981 695 1038 757 est,
1061 705 1158 766 quem

189 775 274 836 rideo
292 775 469 854 nequiquam
484 780 514 832 et
529 773 623 845 ulrum
638 771 751 832 bonum
763 780 793 831 et
809 773 901 831 civem
920 773 998 841 lore,
1016 774 1042 831 si
1056 770 1157 831 altera

190 865 274 937 purte
296 857 412 918 claudet
432 855 633 934 respublica,
656 854 741 915 malis
760 855 891 915 consiliis
910 855 988 916 idem
1009 873 1043 916 ac
1065 853 1157 914 bonis

160 943 263 1002 diruis
279 949 309 1002 et
330 943 482 1020 potestatis
496 941 561 998 erit.
595 957 677 1000 erras
700 940 794 1010 enim,
812 939 845 999 t.
860 938 966 1007 Paule,
988 940 1014 998 si
1026 937 1082 998 tibi
1096 939 1156 998 mi·

189 1043 246 1086 nus
265 1025 433 1086 certaminis
453 1040 521 1083 cum
536 1022 566 1084 C.
580 1023 719 1083 Terentio
737 1041 824 1102 quarn
835 1040 902 1083 cum
918 1021 1085 1082 Hannibale
1105 1023 1155 1081 lu-

189 1116 290 1169 turum
310 1125 426 1176 censes;
446 1108 544 1166 nescio
567 1125 603 1167 an
626 1106 760 1167 infestior
780 1106 829 1166 hic
853 1106 1038 1167 adversarius
1061 1123 1154 1185 quam

189 1191 239 1252 ille
253 1191 346 1252 hostis
359 1198 476 1250 maneat
492 1197 536 1260 te,
553 1198 662 1251 etcum
677 1189 729 1251 illo
744 1192 775 1249 in
789 1191 851 1250 acie
866 1196 994 1261 tantum,
1011 1208 1081 1250 curn
1095 1189 1157 1248 hoc

161 1274 328 1336 nomnibus
347 1273 420 1334 locis
441 1292 475 1334 ac
496 1274 679 1353 temporibus
698 1275 738 1335 sis
759 1281 940 1344 certaturus,
958 1281 989 1334 et
1011 1273 1156 1334 adversus

189 1357 384 1420 Hannibalem
406 1356 597 1438 legionesque
619 1359 681 1418 eius
700 1359 758 1418 tuis
779 1357 926 1437 equitibus
948 1375 982 1417 ec
1003 1357 1156 1437 peditibus

189 1441 381 1522 pugnandum
402 1441 454 1501 tibi
476 1443 528 1512 sit,
556 1441 649 1501 Varro
670 1441 729 1502 dux
750 1443 807 1501 tuis
826 1440 967 1502 militibus
990 1449 1018 1502 te
1040 1442 1079 1500 sit
1099 1459 1154 1518 op·

162 1531 382 1606 opugnaturus.
428 1527 534 1585 ominis
564 1527 650 1584 etiam
676 1525 731 1585 tibi
756 1543 842 1585 eausa
868 1525 945 1586 absit
971 1525 1002 1586 G.
1025 1523 1155 1584 Flamini

190 1611 342 1671 memoria.
369 1617 467 1670 tamen
488 1608 538 1668 ille
552 1607 654 1669 consul
668 1608 787 1669 demum
802 1617 831 1669 et
853 1610 885 1668 in
898 1609 1050 1688 provincia
1066 1615 1097 1668 ct
1116 1607 1154 1667 ad

191 1694 352 1752 exercitum
371 1694 468 1769 coepit
485 1693 597 1759 surere;
622 1691 684 1762 hic,
705 1693 875 1772 priusquam
887 1699 1003 1772 peteret
1016 1691 1153 1752 consula-

168 1783 267 1859 stnm,
292 1775 399 1834 deinde
422 1777 454 1833 in
473 1774 601 1854 petendo
622 1775 789 1847 consulatu,
811 1794 890 1836 nunc
902 1793 1019 1856 quoque
1039 1773 1152 1844 consul,

160 1867 177 1915 t
188 1859 360 1938 priusquam
376 1866 471 1919 castra
494 1857 589 1918 rideat
604 1866 653 1920 aut
672 1859 802 1930 hostem,
822 1862 939 1921 insanit.
969 1861 1066 1938 etqui
1088 1867 1153 1920 tan·

189 1950 235 2003 tas
253 1943 312 2002 iam
333 1959 413 2002 nunc
434 1941 580 2021 procellas
597 1942 708 2021 proelia
723 1950 810 2022 atquc
824 1946 903 2004 acies
922 1943 1057 2005 iactando
1072 1944 1153 2002 inter
1254 1935 1255 1960 ³

191 2033 305 2104 togatos
321 2027 392 2096 ciet,
406 2027 476 2105 quid
493 2027 571 2086 inter
585 2033 726 2086 armatam
741 2028 921 2088 iuventutem
938 2045 1041 2088 censes
1058 2027 1152 2086 lactu-

161 2117 179 2167 8
190 2127 257 2170 rum
270 2117 299 2169 et
310 2107 360 2170 ubi
372 2109 518 2188 extemplo
529 2128 578 2170 res
588 2109 677 2170 verba
690 2111 838 2190 sequitur?
867 2112 947 2190 atqui
957 2110 982 2171 si
992 2111 1055 2180 bic,
1073 2110 1152 2189 quod
1254 2135 1255 2186 ξ

191 2193 336 2253 facturum
353 2210 385 2252 se
403 2193 569 2265 denuntiat,
587 2193 732 2274 extemplo
746 2197 934 2273 pugnaverit,
952 2201 1002 2256 aut
1016 2212 1070 2272 ego
1088 2211 1151 2253 rem
1254 2187 1255 2256 ἴ

192 2274 363 2344 militarem,
382 2275 451 2336 belli
462 2275 518 2337 hoc
530 2294 636 2354 genus,
649 2277 764 2338 hostem
775 2277 855 2338 hunc
867 2279 986 2356 ignoro,
1006 2283 1056 2338 aut
1066 2276 1151 2337 nobi·
1254 2271 1255 2320 3

161 2357 247 2419 slior
258 2359 331 2419 alius
341 2361 544 2420 Trasumenno
558 2359 641 2421 locus
655 2362 765 2423 nostris
781 2360 913 2423 cladibus
926 2364 991 2423 crit.
1021 2379 1078 2422 nee
1089 2360 1150 2439 glo-

191 2442 287 2502 riandi
309 2451 424 2521 tempus
441 2443 580 2504 adversus
598 2463 691 2506 unum
711 2453 769 2516 est,
800 2452 830 2506 et
855 2463 910 2523 ego
933 2443 1150 2506 contemnendo
1254 2453 1255 2490 3

190 2527 397 2606 potiusquam
423 2527 588 2606 adpetendo
610 2528 733 2606 gloriam
748 2529 869 2589 modum
884 2531 1074 2598 excesserim
1099 2529 1150 2589 sed

190 2611 230 2670 ita
245 2628 294 2670 res
312 2629 343 2670 se
364 2610 467 2671 habet:
491 2629 549 2672 una
563 2613 639 2672 ratio
659 2611 730 2672 belli
749 2613 873 2691 gerendi
887 2613 1026 2674 adversus
1040 2613 1148 2673 Hanni·
1254 2631 1255 2688 t

148 2699 182 2750 10
192 2692 290 2754 balam
303 2701 361 2764 est,
381 2712 438 2773 qua
454 2712 508 2772 ego
524 2696 615 2773 gessi;
636 2713 691 2756 nec
702 2702 823 2757 eventus
834 2697 922 2757 modo
940 2697 997 2757 hoc
1014 2697 1149 2757 docet-
1254 2689 1255 2744 ἶ

192 2774 348 2836 stultorum
363 2778 418 2837 iste
435 2779 575 2855 magister
592 2786 636 2839 est
649 2813 707 2850 -,
728 2780 780 2840 sed
790 2780 893 2841 eadem
904 2781 992 2852 ratio,
1008 2798 1083 2860 quae
1097 2779 1149 2840 luit
1254 2789 1255 2810 ³

192 2859 366 2936 suturaque,
392 2858 486 2919 donec
498 2878 546 2920 res
564 2862 683 2922 eaedem
705 2863 882 2934 manebunt,
896 2863 1075 2925 inmutabilis
1097 2870 1147 2924 est.
1254 2889 1255 2922 1

150 2949 180 3001 11
192 2944 223 3003 in
240 2941 322 3002 ltalia
346 2939 457 3002 bobum
479 2944 622 3021 gerimus,
644 2947 674 3004 in
695 2946 765 3006 sede
784 2965 819 3007 ac
837 2947 900 3009 solo
915 2956 1030 3017 nostro:
1053 2949 1147 3007 omnia

191 3028 270 3088 circa
291 3025 378 3108 plena
403 3026 508 3087 civium
532 3044 566 3086 ac
587 3028 735 3090 sociorum
758 3039 840 3101 sunt;
867 3034 957 3093 armis
979 3033 1048 3091 viris
1069 3033 1147 3111 equis

150 3119 181 3170 12
194 3109 404 3173 commeatibus
425 3111 524 3172 iuvant
539 3111 752 3192 iuvabuntquc:
774 3113 805 3174 id
825 3117 883 3176 iam
906 3115 975 3176 fidei
992 3115 1147 3176 documen·
1254 3163 1255 3184 2

191 3202 254 3256 tum
275 3196 306 3255 in
327 3194 455 3256 adversis
475 3193 565 3258 rebus
589 3198 696 3258 nostris
718 3196 876 3266 dederunn
907 3198 1059 3272 meliores,
1081 3193 1145 3275 pru·
1254 3185 1255 3242 l

124 3350 127 3356 Ι
151 3284 182 3334 13
194 3279 356 3347 dentiores,
372 3281 585 3340 constantiores
600 3298 653 3340 nos
668 3287 785 3358 tempus
800 3280 920 3362 diesque
934 3282 1018 3343 lacit:
1040 3283 1145 3343 ilanni·
1254 3289 1255 3302 ²

191 3359 241 3418 bal
255 3368 357 3420 contra
371 3361 401 3419 in
415 3361 523 3432 aliena,
544 3364 575 3421 in
598 3363 698 3424 hostili
713 3371 757 3424 est
776 3371 870 3437 terra,
889 3368 968 3426 inter
982 3367 1079 3427 omnia
1093 3367 1145 3424 ini·

191 3442 268 3498 mica
287 3441 464 3519 infestaque,
490 3445 650 3522 proculab
673 3446 775 3516 domo,
803 3447 839 3507 ab
858 3450 968 3528 patria:
990 3467 1085 3528 neque
1104 3449 1145 3509 illi
1254 3531 1255 3540 ἵ
