2538 3946
202 159 267 222 264
393 173 486 214 nrenn
499 173 577 214 1111.
593 171 661 214 oar.
681 161 708 213 4.
723 159 749 213 ti.
766 147 805 232 [e.
820 173 851 212 n.
867 171 893 210 o.
909 147 973 230 537]

202 330 294 384 terest
314 327 505 400 perangusta,
527 318 662 379 velutad
684 321 718 379 id
737 320 832 398 ipsum
849 316 885 378 de
898 315 1044 378 industria
1061 315 1184 378 relicto

203 407 314 485 spatio;
344 404 450 466 deinde
470 403 557 482 paulo
576 401 661 464 latior
680 403 804 481 patescit
823 419 957 479 eampus;
982 399 1055 461 inde
1077 401 1183 462 colles
1211 444 1215 455 .

173 490 374 568 ³adsurgunt.
406 485 448 547 ibi
462 494 558 547 eastra
573 488 604 546 in
620 493 721 564 aperto
736 484 827 554 loeat,
848 483 900 544 uhi
918 485 983 563 ipse
1005 501 1075 560 euni
1086 485 1179 546 Afris

204 572 293 634 modo
307 572 502 652 Hispanisque
518 569 698 638 considerem
722 568 853 630 Baliares
866 574 1057 648 ceteramque
1071 567 1179 629 levem

204 662 383 718 armaturam
394 661 461 733 post
471 656 580 714 montis
585 652 793 722 circumduci&
806 653 918 730 equites
925 651 964 712 ad
973 654 1054 731 ipsas
1065 651 1179 713 lauces

203 739 294 802 saltus
307 737 427 800 tumulis
442 745 510 818 apte
523 736 690 816 tegentibus
703 735 794 806 looat,
812 742 858 806 ut,
872 735 924 796 ubi
934 737 1097 796 intrassent
1109 735 1175 796 llo·

203 825 297 893 mani,
325 822 440 883 obiecto
462 823 593 902 equitatu
613 820 711 882 clausa
734 821 833 880 omnia
857 818 923 880 laeu
952 837 986 880 ee
1013 819 1175 880 montibus

205 913 313 967 essent.
853 939 856 946 =

95 1001 98 1005 ’
174 999 193 1049 t
265 989 426 1050 Flaminius
443 1006 509 1048 oum
523 987 617 1066 pridie
632 986 703 1048 solis
721 1005 827 1047 occasu
841 986 878 1046 ad
897 985 994 1047 laeum
1010 989 1171 1066 pervenis·

203 1081 261 1142 set,
285 1071 468 1151 inexplorato
488 1078 607 1150 postero
629 1070 677 1131 die
696 1071 814 1131 vixdum
836 1073 905 1130 satis
921 1079 1000 1130 certa
1021 1069 1090 1130 lune
1114 1089 1171 1131 an·

205 1157 309 1232 gustiis
324 1155 489 1234 superatiss
498 1163 653 1234 postquam
668 1156 700 1214 in
713 1156 910 1234 patentiorem
921 1172 1058 1232 eampum
1073 1155 1169 1233 pandi
1237 1187 1238 1230 p

203 1255 309 1316 agmen
327 1241 440 1318 eoepit,
462 1239 493 1298 id
509 1246 621 1299 tantum
642 1238 785 1306 hostium,
806 1238 885 1316 quod
901 1256 937 1298 ex
952 1236 1074 1298 adverso
1091 1247 1166 1307 erat,
1238 1262 1239 1310 i

203 1324 369 1401 conspexit3
396 1322 432 1383 ab
458 1330 542 1400 tergo
571 1341 605 1382 ae
630 1340 720 1401 snper
735 1319 853 1400 eaput*
873 1321 1013 1400 deceptae
1028 1321 1167 1382 insidiae.
1239 1338 1240 1372 i

173 1406 318 1476 5Poenus
334 1406 398 1476 uhi,
420 1406 451 1466 id
466 1405 543 1486 quod
563 1407 706 1485 petierat,
729 1405 860 1466 clausurn
874 1404 939 1466 laou
958 1422 992 1466 ae
1013 1405 1166 1466 montibus
1240 1414 1241 1428 ¹

203 1496 233 1550 et
246 1490 456 1551 eiroumiusum
471 1491 531 1550 suis
546 1491 638 1568 copiis
658 1488 760 1550 habuit
781 1489 910 1558 hostem,
931 1490 1048 1567 signum
1067 1491 1163 1550 omni·
1241 1490 1242 1514 ¹

173 1571 256 1634 tibus
270 1574 320 1634 dat
340 1573 426 1634 simul
446 1572 612 1633 invadendi.
645 1575 696 1652 qui
718 1572 771 1633 ubi
792 1590 849 1651 qua
866 1574 971 1651 cuique
993 1573 1163 1651 proximum
1242 1566 1243 1588 ’

201 1655 258 1716 luit
274 1657 521 1725 decucurrerunt,
539 1675 574 1716 eo
590 1659 683 1733 magis
698 1656 837 1717 Romanis
851 1655 947 1717 subita
957 1662 1043 1735 atque
1057 1658 1163 1735 inpro-
1244 1716 1245 1736 1

200 1739 262 1798 visa
277 1757 326 1798 res
341 1739 410 1807 luit,
428 1738 506 1818 quod
522 1746 585 1799 ortu
601 1758 637 1800 ex
651 1739 717 1800 laeu
733 1739 840 1800 nebula
855 1757 959 1818 campo
974 1757 1061 1818 quam
1077 1759 1162 1800 inon-
1245 1792 1246 1806 ,

201 1820 280 1881 tibus
294 1820 413 1882 densior
426 1821 558 1894 sederat,
574 1825 749 1903 agminaque
761 1823 889 1884 hostium
902 1841 938 1882 ex
953 1822 1088 1902 pluribus
1100 1825 1161 1886 eol·
1246 1868 1247 1880 ,

201 1902 281 1966 libus
308 1906 371 1984 ipsa
395 1907 473 1967 inter
499 1924 531 1966 se
550 1907 619 1967 satis
640 1914 797 1986 conspecta
815 1925 908 1986 eoque
935 1907 1028 1985 magis
1050 1909 1161 1986 pariter
1247 1944 1248 1976 ἓ

172 1987 442 2050 ideouourrerant.
499 1989 649 2050 Romanus
675 1991 803 2051 elamore
830 1983 913 2069 prius
939 1991 1069 2070 undique
1094 2000 1163 2052 orto

201 2090 289 2150 quam
311 2075 381 2133 satis
397 2081 535 2134 cerneret
548 2092 580 2135 se
594 2076 824 2135 circumventum
840 2093 904 2135 esse
920 2076 1025 2145 sensit,
1046 2081 1077 2135 et
1094 2083 1161 2136 ante

200 2157 232 2214 in
247 2155 375 2216 frontem
388 2156 539 2236 lateraque
553 2159 680 2236 pugnari
696 2163 832 2237 coeptum
846 2165 904 2227 est,
921 2177 1009 2237 quam
1025 2160 1096 2218 satis
1115 2160 1161 2218 in·

201 2245 366 2300 strueretur
377 2240 454 2301 acies
463 2245 513 2301 aut
524 2241 656 2320 expediri
667 2259 748 2302 arnna
759 2243 922 2320 stringique
933 2241 1021 2319 gladii
1029 2249 1160 2319 possent.

174 2321 232 2382 tV.
267 2321 375 2386 Consul
397 2324 540 2402 peroulsIs
554 2323 690 2385 omnibus
705 2326 768 2408 ipse
786 2327 870 2395 satis,
888 2332 921 2385 ut
940 2327 971 2385 in
985 2343 1020 2386 re
1037 2325 1159 2403 trepida,

199 2407 354 2485 inpavidus
373 2407 506 2469 turbatos
527 2408 646 2470 ordines
661 2409 799 2469 'vertente
822 2426 854 2468 se
874 2400 1047 2491 quoqueiad
1067 2408 1159 2470 disso-

200 2507 255 2551 nos
270 2488 414 2552 clamores
428 2491 560 2563 instruit,
576 2499 609 2553 ut
622 2499 737 2571 tempus
752 2491 892 2572 locusque
903 2495 1013 2571 patitur
1028 2500 1073 2563 et,
1088 2511 1158 2572 qua-

200 2591 327 2653 enmque
352 2574 433 2650 adire
455 2575 606 2655 audirique
626 2581 738 2654 potest,
767 2577 940 2637 adhortatur
960 2593 995 2637 ae
1019 2584 1098 2637 stare
1124 2595 1160 2638 ae

169 2667 330 2735 epugnare
344 2657 439 2720 iubet:
458 2677 513 2720 neo
528 2661 608 2720 enirn
621 2659 775 2722 indevotis
787 2667 837 2720 aut
851 2660 1047 2738 inploratione
1058 2661 1156 2729 deum,

200 2740 253 2800 sed
267 2743 294 2800 vi
308 2759 342 2801 ao
359 2744 466 2803 virtute
481 2743 662 2806 evadendum
677 2761 753 2806 esse.
786 2763 839 2823 per
854 2744 964 2804 medias
980 2745 1058 2806 acies
1078 2744 1157 2805 ferro

200 2823 275 2882 viam
292 2823 356 2882 lieri
373 2833 414 2892 et,
432 2844 489 2903 quo
501 2829 616 2888 timoris
631 2829 729 2888 minus
740 2829 792 2897 sil,
810 2829 953 2888 eominus
970 2827 1064 2888 terme
1080 2831 1157 2906 peri·

172 2903 257 2965 deuii
278 2922 351 2966 esse.
382 2914 512 2968 ceterum
527 2927 598 2988 prae
614 2913 738 2988 strepitu
749 2929 783 2970 ao
797 2911 924 2972 tumultu
936 2929 992 2971 neo
1004 2911 1156 2974 eonsilium

200 3007 256 3050 neo
277 2990 435 3068 imperium
457 2993 550 3070 accipi
572 3000 702 3071 poterat,
723 3001 894 3075 tantumque
914 2995 1030 3064 aberat,
1052 3003 1086 3056 ut
1105 3013 1156 3056 sua

200 3075 283 3154 signa
305 3081 392 3153 atque
407 3074 525 3136 ordines
548 3084 578 3137 et
597 3077 695 3138 locum
715 3087 888 3149 noscerent,
911 3087 943 3139 ut
963 3080 1009 3139 rix
1024 3079 1060 3138 ad
1075 3097 1155 3140 arma

200 3159 341 3237 capienda
355 3159 539 3239 aptandaque
551 3179 666 3241 pugnae
681 3169 853 3241 conpeteret
864 3165 987 3232 animus,
1007 3163 1152 3240 opprime·

170 3247 359 3321 {renturque
375 3243 493 3320 quidam
509 3247 623 3305 onerati
644 3248 737 3324 magis
757 3245 803 3305 his
817 3264 904 3326 quain
927 3246 1005 3305 teeti.
1044 3253 1073 3306 et
1094 3253 1154 3308 erat

198 3324 229 3382 in
249 3331 326 3385 tanta
346 3325 470 3402 ealigine
490 3329 584 3387 maior
599 3347 670 3388 usus
690 3331 804 3389 aurium
820 3349 907 3408 quam
921 3327 1084 3404 oculorum.
1118 3331 1153 3391 ad

198 3407 324 3482 gemitus
351 3407 506 3468 vulnerum
530 3411 664 3488 letusque
690 3428 847 3490 corporum
873 3423 923 3473 aut
948 3429 1097 3472 armorum
1126 3421 1152 3475 et
