2542 3956
322 240 416 285 urens
429 240 517 283 xxun
534 240 603 284 car.
619 227 662 282 18.
678 217 718 302 [a.
736 222 771 284 0.
788 219 850 303 ²16]
1005 227 1072 290 337

102 405 193 448 mum
215 403 363 467 quemque
380 405 397 449 e
414 405 500 448 muro
529 386 718 466 turribusque
739 388 814 447 ictos
836 389 941 450 amisit
978 387 1105 450 semeio-

103 470 190 532 ultro
211 470 394 549 erumpentis
422 471 538 548 agmine
566 470 789 550 elephantorum
818 471 952 551 opposito
974 491 1067 552 prope

103 551 292 624 interclusit,
315 553 503 633 trepidosque
518 554 648 633 conpulit
668 556 699 614 in
720 552 825 616 urbem
840 555 909 615 satis
924 556 1022 616 multis
1036 562 1069 616 ut

103 657 143 698 ex
159 645 244 698 tanta
259 639 403 716 paucitate
418 637 590 698 interiectis.
627 637 727 716 plures
749 637 938 710 cecidissent,
964 641 995 699 ni
1010 646 1068 698 nox

102 721 227 801 proelio
237 723 451 781 intervenisset.
476 728 594 801 postero
604 720 653 781 die
663 723 795 782 omnium
806 723 897 782 animi
907 721 943 784 ad
956 740 1067 804 oppug·
1080 731 1097 779 7

103 805 242 866 nandum
259 803 474 875 accenduntur,
491 807 592 884 utique
607 812 760 883 postquam
777 822 885 865 corona
900 823 989 866 aurea
1004 824 1068 866 mu·

104 888 182 950 ralis
197 890 388 968 propositast,
405 896 492 968 alque
510 889 573 968 ipse
589 888 647 948 dux
663 887 773 948 castelli
793 887 881 967 plano
899 887 966 950 loco
982 889 1069 969 positi

104 990 234 1050 segnem
249 973 497 1052 oppugnationem
511 973 633 1048 Sagunti
643 971 892 1051 expugnatoribus
907 973 1068 1052 exprobra-

106 1056 172 1125 bat,
191 1056 358 1117 Cannarum
370 1055 623 1133 Trasumennique
642 1063 671 1115 ct
682 1054 807 1116 Trebiae
822 1054 953 1134 singulos
968 1057 1069 1118 admo·

105 1155 237 1200 monens
262 1141 481 1218 universosque.
522 1137 591 1198 inde
611 1139 713 1198 vineae
735 1157 851 1216 quoque
876 1148 999 1220 coeptae
1024 1141 1100 1218 aglo

106 1221 313 1300 cuniculique;
334 1239 389 1281 nec
409 1220 445 1281 ad
466 1222 562 1282 varios
586 1228 707 1282 conatus
727 1220 854 1281 hostium
875 1231 925 1283 aut
945 1225 989 1284 vis
1009 1223 1099 1284 ullae

107 1315 164 1367 aut
180 1323 228 1365 ars
248 1305 363 1364 deerat:
382 1305 453 1364 socii
469 1304 668 1365 Romanorum
691 1304 912 1383 propugnacula
931 1306 1071 1368 adversus

110 1391 216 1449 vineas
239 1394 381 1458 statuere,
403 1389 578 1448 transversis
598 1386 740 1448 cuniculis
766 1387 894 1448 hostium
920 1389 1071 1450 cuniculos

110 1473 267 1551 excipere,
285 1478 316 1531 et
327 1468 423 1552 palam
438 1478 468 1530 et
483 1469 558 1530 clam
574 1473 685 1549 coeptis
696 1469 812 1531 obviam
828 1472 886 1540 ire,
906 1471 1000 1532 donec
1016 1492 1071 1552 pu·

110 1557 170 1616 dor
185 1554 272 1616 etiam
287 1553 480 1614 Hannibalem
496 1553 533 1613 ab
546 1555 665 1633 incepto
680 1556 798 1622 avertit;
815 1557 976 1634 castrisque
989 1574 1070 1616 com·

109 1639 236 1701 munitis
251 1656 285 1698 ac
301 1637 449 1716 praesidio
464 1638 582 1699 modico
593 1638 738 1716 inposito,
755 1655 792 1713 ne
805 1638 912 1699 omissa
926 1657 975 1698 res
992 1639 1071 1699 vide·

110 1731 210 1792 retur,
226 1723 257 1782 in
272 1721 396 1782 hiberna
414 1723 568 1782 concessit.

176 1806 222 1866 lbi
238 1813 353 1884 partem
363 1806 505 1866 maiorem
517 1806 621 1866 hiemis
638 1807 797 1866 exercitum
812 1807 943 1866 intectis
959 1805 1068 1878 babuit,
1082 1813 1117 1865 lo

113 1891 254 1952 adversus
265 1891 364 1950 omnia
375 1889 502 1949 bumana
517 1887 592 1950 mala
606 1907 694 1968 saepe
705 1907 739 1949 ac
755 1888 804 1948 diu
820 1889 966 1966 duratum,
984 1890 1071 1950 bonis

112 1977 302 2054 inexpertum
314 1980 401 2052 alque
412 1974 569 2034 insuetum.
595 1975 776 2052 itaquequos
787 1970 866 2032 nulla
878 1970 948 2032 mali
961 1973 1071 2033 vicerat
1083 1980 1115 2032 11

112 2060 171 2129 vis,
187 2056 345 2136 perdidere
360 2057 450 2117 nimia
465 2056 543 2116 bona
564 2075 598 2116 ac
615 2055 775 2134 voluptates
791 2054 970 2126 inmodicae,
992 2063 1022 2115 et
1036 2073 1071 2116 eo

112 2142 280 2219 inpensius,
295 2158 354 2220 quo
377 2140 488 2200 avidius
503 2158 539 2200 ex
555 2137 711 2200 insolentia
735 2139 766 2198 in
786 2157 836 2199 eas
850 2158 882 2198 se
897 2148 1071 2201 merserant.

114 2241 236 2284 somnus
250 2225 330 2283 enim
348 2230 378 2283 et
393 2224 492 2284 vinum
508 2231 539 2284 et
560 2221 663 2302 epulae
679 2229 709 2282 et
728 2230 824 2282 scorta
846 2221 1019 2301 balineaque
1041 2230 1070 2284 et
1082 2231 1118 2282 12

115 2309 208 2367 otium
227 2305 438 2366 consuetudine
455 2309 485 2367 in
501 2306 563 2368 dies
577 2305 712 2366 blandius
725 2307 764 2366 ita
780 2315 992 2366 enervaverunt
1006 2324 1072 2367 cor-

115 2408 189 2470 pora
200 2391 386 2470 animosque,
403 2397 436 2451 ut
448 2393 542 2469 magis
554 2391 661 2451 deinde
675 2390 851 2469 praeteritae
867 2392 1005 2450 victoriae
1022 2408 1072 2453 eos

12 2475 13 2480 ’
115 2492 203 2554 quam
220 2482 390 2553 praesentes
408 2481 573 2535 tutarentur
591 2477 683 2544 vires,
705 2476 857 2552 maiusque
871 2472 902 2533 id
916 2481 1117 2552 peccatum13

116 2558 199 2618 ducis
220 2556 297 2635 apud
318 2559 428 2636 peritos
454 2561 561 2619 artium
584 2558 753 2619 militarium
783 2556 957 2628 baberetur,
984 2576 1070 2635 quam

12 2629 15 2654 ¹
117 2641 196 2722 quod
212 2658 271 2701 non
290 2659 326 2702 ex
341 2641 487 2703 Cannensi
504 2644 567 2704 acie
581 2644 715 2722 protinus
734 2640 771 2700 ad
792 2640 897 2701 urbem
910 2641 1072 2702 Romanam

117 2725 262 2786 duxisset:
287 2723 336 2785 illa
358 2727 436 2785 eninr
457 2729 604 2786 cunctatio
631 2723 778 2785 distulisse
803 2725 891 2785 modo
921 2727 1072 2785 victoriam

13 2833 14 2872 3
115 2808 209 2869 videri
235 2803 344 2887 potuit,
370 2809 419 2869 bic
439 2828 531 2870 error·
554 2812 631 2870 vires
652 2808 795 2869 ademisse
823 2807 860 2868 ad
885 2809 1070 2870 vincendum.

115 2895 216 2971 itaque
231 2892 365 2962 hercule,
383 2892 462 2954 velut
476 2894 501 2953 si
516 2912 583 2955 cum
600 2893 656 2954 alio
673 2894 804 2953 exercitu
820 2910 837 2952 a
852 2891 950 2971 Capua
967 2895 1069 2961 exiret,
1084 2899 1120 2948 14

13 3047 15 3070 μ
117 2974 191 3034 nibil
202 2993 326 3054 usquam
340 2978 481 3054 pristinae
497 2975 667 3055 disciplinae
690 2978 792 3036 tenuit.
833 2993 901 3036 nam
924 2987 954 3034 et
973 2974 1069 3034 redie·
1084 2981 1118 3032 lo

118 3067 187 3118 runt
203 3056 335 3136 plerique
349 3063 454 3120 scortis
463 3060 602 3137 inpliciti,
616 3067 659 3128 et,
672 3057 723 3116 ubi
735 3061 862 3133 primum
878 3057 932 3116 sub
947 3055 1074 3134 pellibus

117 3139 224 3202 baberi
239 3142 336 3219 coepti
347 3149 428 3211 sunt,
444 3144 549 3219 viaque
564 3140 681 3200 elalius
696 3138 830 3198 militaris
845 3136 929 3197 labor
948 3141 1072 3217 excepit,

118 3225 248 3285 monum
259 3223 347 3284 modo
359 3222 534 3303 corporibus
543 3224 705 3300 animisque
717 3219 905 3288 deficiebant:
922 3229 951 3280 et
965 3220 1071 3282 deinde
1083 3229 1123 3283 lo

118 3326 172 3388 per
195 3325 282 3368 omne
301 3309 476 3368 aestivorum
498 3316 612 3384 tempus
631 3321 737 3382 magna
757 3322 826 3381 pars
846 3306 910 3363 sine
927 3321 1074 3365 commea-

119 3389 198 3452 tibus
216 3391 253 3452 ab
273 3393 365 3470 signis
384 3389 604 3460 dilabebantur,
629 3406 725 3468 neque
749 3386 823 3447 aliae
840 3386 970 3447 latebrae
987 3405 1077 3466 quam

14 3543 16 3564 ζ
118 3475 217 3555 Capua
232 3475 434 3537 desertoribus
450 3481 542 3534 erant.

161 3591 187 3627 r.
206 3591 267 3628 mvn
284 3591 354 3627 rrae
372 3591 405 3631 ιι.
833 3559 873 3620 22
