2542 3956
292 226 380 267 mm
393 225 483 269 xxm.
505 225 574 268 aas.
591 213 633 266 ro.
651 214 692 267 rr.
709 205 751 286 [a.
767 207 802 270 0.
818 207 881 289 aro]
1007 205 1071 270 335

97 391 196 454 quam
210 374 243 434 ln
256 375 353 434 muris
366 380 459 444 esset;
480 380 563 434 ratus
577 373 685 434 deinde
700 373 816 453 prodita
831 375 987 455 conloquia
1002 395 1067 438 esse
1079 381 1110 434 li

97 464 249 537 metuque
265 457 380 518 resides
393 458 497 528 iactos,
512 465 628 536 partem
641 458 769 518 militum
785 461 816 520 in
827 466 923 522 castra
934 463 1070 537 remittit,

97 544 206 603 iussos
219 559 348 621 propere
369 540 682 620 adparatumomnem
700 535 914 622 oppugnandae
934 542 1019 605 urbis
1038 547 1071 605 in

96 627 237 708 primam
251 627 346 686 aciem
361 625 489 696 adferre,
505 627 578 686 satis
591 626 695 696 fidens,
715 628 742 688 si
757 626 965 690 cunctantibus
979 630 1071 688 insta·

97 716 161 780 ret,
178 708 339 770 tumultum
354 709 482 788 aliquem
496 711 529 770 in
543 708 618 770 urbe
633 709 752 788 plebem
766 717 924 772 moturam.
955 711 1025 772 dum
1040 713 1072 772 in
1082 716 1115 766 la

98 812 158 854 sua
181 794 308 873 quisque
329 794 496 856 ministeria
517 792 654 855 discursu
675 794 805 874 trepidat
825 797 861 856 ad
876 797 973 874 prima
988 797 1073 872 signa

99 876 302 956 succeditque
317 877 354 937 ad
369 894 470 938 muros
485 879 579 946 acies,
595 879 742 956 patefacta
757 886 881 958 reponte
897 887 981 958 porta
996 879 1073 940 Mar·

100 961 203 1024 cellus
217 962 302 1038 signa
316 978 423 1021 canere
438 961 656 1041 clamoremque
670 962 734 1023 tolli
750 981 785 1024 ac
799 962 918 1042 pedites
932 965 1072 1042 primum,

101 1045 219 1105 deinde
234 1047 359 1124 equites,
377 1054 489 1125 quanto
504 1047 633 1106 maximo
647 1054 769 1124 possent
783 1050 896 1126 impetu
911 1050 943 1108 in
957 1047 1073 1109 hostem

101 1145 267 1207 erumpere
282 1127 377 1188 iubet.
407 1130 481 1189 satis
495 1130 622 1189 terroris
636 1130 837 1210 tumultusque
855 1134 888 1192 in
902 1133 997 1193 aciem
1013 1149 1075 1191 me·
1084 1135 1118 1187 13

101 1213 189 1274 diam
214 1211 391 1281 intulerant,
420 1229 488 1271 cum
516 1210 630 1272 duabus
657 1215 738 1273 circa
764 1217 860 1292 portis
884 1214 917 1276 P.
940 1214 1075 1275 Valerius

102 1297 235 1358 Flaccus
256 1302 286 1354 et
305 1295 337 1356 G.
353 1295 491 1356 Aurelius
505 1294 596 1372 legati
610 1297 643 1355 in
657 1313 768 1357 cornua
788 1296 918 1358 bostium
937 1316 1073 1376 erupere,

103 1378 254 1442 addidere
275 1377 435 1439 clamorem
455 1378 532 1439 lixae
553 1378 730 1460 calonesque
750 1389 780 1443 et
801 1381 858 1441 alia
872 1381 962 1441 turba
977 1386 1118 1440 custo-14

106 1465 177 1527 diae
203 1463 474 1542 inpedimentorum
500 1463 648 1543 adposita,
682 1470 716 1524 ut
741 1467 922 1542 paucitatem
947 1466 1076 1526 maxime

105 1545 325 1628 spernentibus
342 1545 452 1608 Poenis
470 1549 608 1624 ingentis
627 1554 752 1627 repente
774 1551 924 1610 exercitus
945 1550 1076 1627 speciem

104 1632 227 1694 iecerit.
253 1633 302 1692 rix
313 1630 451 1711 equidem
467 1632 738 1703 ausim'adfirmare,
755 1632 965 1712 quodquidam
977 1637 1119 1692 aucto-15

105 1735 161 1778 res
183 1721 267 1786 sunt,
298 1714 459 1785 duomilia
481 1723 511 1776 ct
533 1718 720 1794 octingentos
740 1715 872 1779 bostium
893 1733 996 1778 caesos
1016 1733 1077 1776 non

106 1799 178 1882 plus
197 1800 370 1878 quingentis
383 1798 583 1861 Romanorum
604 1803 731 1861 amissis.
762 1801 814 1862 sed
836 1803 897 1862 sire
916 1807 998 1862 tanta
1014 1801 1076 1860 sive
1087 1803 1119 1856 ld

107 1887 211 1945 minor
221 1885 348 1945 victoria
362 1883 428 1953 luit,
443 1884 550 1961 ingens
565 1901 600 1944 co
616 1883 664 1943 die
679 1901 729 1944 res
741 1902 774 1944 ao
785 1887 887 1944 nescio
899 1903 936 1944 an
947 1885 1077 1944 maxima

108 1967 165 2029 illo
180 1966 257 2028 bello
272 1974 354 2045 gesta
370 1968 419 2036 sit,
435 1985 494 2028 non
509 1969 589 2028 vinci
604 1969 684 2028 enim
700 1964 738 2027 ab
749 1966 915 2028 Hannibale
930 1967 1076 2026 vincenti·

109 2051 169 2113 bus
183 2052 335 2112 difficilius
348 2051 420 2125 tait,
437 2069 526 2130 quam
540 2056 644 2130 postea
658 2052 790 2110 vincere.

175 2135 264 2195 XVll.
303 2132 453 2194 Hannibal
477 2151 530 2212 spe
557 2134 716 2214 potiundae
737 2131 828 2193 Nolae
851 2133 988 2211 adempta
1009 2136 1103 2192 cuml

112 2221 239 2278 Acerras
253 2219 443 2286 recessisset,
460 2215 617 2277 Marcellus
631 2217 778 2295 extemplo
793 2217 902 2277 clausis
916 2217 1012 2295 portis
1026 2232 1077 2275 ou·

112 2299 306 2380 stodibusquc
320 2300 488 2379 dispositis,
507 2318 546 2361 ne
562 2303 630 2379 quis
644 2301 853 2378 egrederetur,
874 2301 1077 2379 quaestionem

111 2388 145 2446 in
160 2386 226 2445 loro
241 2384 277 2443 de
291 2385 339 2453 iis,
355 2385 408 2462 qui
422 2383 498 2444 olam
512 2387 544 2444 in
556 2382 722 2462 conloquiis
735 2383 867 2444 bostium
881 2384 1009 2452 fuerant,
1025 2381 1077 2441 ba·

112 2469 195 2538 buit;
217 2485 308 2548 supra
322 2469 509 2546 septuaginta
524 2467 677 2528 damnatos
696 2468 876 2547 proditionis
896 2467 994 2527 securi
1009 2472 1106 2544 per-2

113 2552 223 2622 cussit,
240 2551 376 2631 bonaque
391 2567 494 2612 eorum
509 2552 597 2612 iussit
610 2549 730 2630 publica
744 2550 847 2630 populi
861 2550 986 2610 Romani
1002 2565 1077 2618 csse,

9 2695 11 2702 ,,
114 2643 145 2697 et
159 2653 272 2708 summa
287 2653 389 2696 rerum
410 2636 526 2696 senatui
546 2633 655 2695 tradita
676 2652 743 2696 cum
758 2634 892 2694 exercitu
913 2634 994 2694 omni
1008 2637 1109 2710 pro-3

113 2721 210 2780 iectus
230 2737 321 2798 supra
336 2718 508 2779 Suessulam
528 2719 634 2780 castris
648 2719 756 2796 positis
774 2717 919 2778 consedit.
962 2715 1107 2777 Poenus4

114 2805 240 2866 Acerras
254 2804 385 2883 primum
405 2803 442 2863 ad
456 2801 651 2864 voluntariam
672 2801 856 2863 deditionem
871 2801 995 2862 cdnatns
1010 2818 1078 2880 per·

113 2886 220 2957 licere,
243 2893 401 2967 postquam
415 2884 577 2947 obstinatos
593 2883 693 2966 [inde]
714 2886 809 2956 ridet,
831 2884 971 2948 obsidere
991 2893 1078 2962 atque

9 2979 10 3016 3
115 2988 287 3050 oppugnare
311 2978 407 3050 parat.
441 2977 575 3031 ceterum
600 2971 760 3032 Acerranis
785 2970 853 3049 plus
879 2970 971 3031 animi
990 2973 1107 3046 quamn

9 3097 11 3118 2
114 3055 226 3114 virium
240 3059 314 3115 erat.
348 3058 448 3133 itaque
464 3055 620 3134 desperata
634 3054 727 3114 tutela
741 3052 836 3122 urbis,
857 3061 890 3112 ut
904 3047 1078 3111 circumval-

113 3139 170 3199 lari
186 3139 303 3199 moenia
318 3138 470 3206 viderrmt‚
496 3139 670 3217 priusquam
691 3137 934 3197 continuarentur
948 3133 1080 3193 bostium

115 3240 221 3302 opera,
242 3239 296 3301 per
311 3223 481 3283 intermissa
502 3223 686 3282 munimenta
707 3219 915 3298 neglectasque
929 3213 1110 3277 custodiastl

116 3306 236 3368 silentio
250 3307 347 3368 noctis
361 3305 469 3385 dilapsi
484 3323 539 3384 per
553 3307 617 3364 rias
629 3305 778 3383 inviaque,
794 3319 852 3381 qua
867 3316 1014 3381 quemque
1030 3305 1081 3360 aut

117 3389 275 3452 consilium
289 3383 539 3459 antenorem,
554 3389 587 3448 in
601 3387 694 3448 urbes
708 3386 900 3465 Campaniae,
920 3384 1081 3464 quassatis

9 3473 11 3530 ἑ
117 3479 233 3534 certum
247 3480 312 3535 erat
326 3492 385 3536 non
400 3479 529 3534 mutasse
544 3471 648 3541 fldem,
664 3471 871 3551 perlegerunt.
