2538 3946
184 155 246 232 232
364 171 458 213 amna
471 173 536 214 xxr.
552 169 620 214 car.
636 159 679 211 33.
695 161 737 212 at.
758 151 797 233 [a.
812 174 844 214 ιι.
860 175 886 214 c.
906 151 968 234 aad]

185 336 256 378 uero
272 317 359 380 amul
375 318 411 380 ab
426 319 560 380 hostibus
574 317 661 379 simul
679 318 717 378 ab
732 319 886 397 iniquitate
903 317 1036 379 locorum
1051 319 1166 380 Poeni

186 402 447 480 oppugnabantur,
463 401 586 481 plusque
597 405 675 462 inter
688 403 782 480 ipsos,
796 402 853 462 sibi
864 419 980 480 quoque
994 403 1161 474 tendente,

185 491 218 544 ut
232 485 364 562 periculo
379 487 462 565 prius
477 486 628 553 evaderet,
643 503 732 564 quam
747 503 814 546 oum
827 485 960 547 hostibus
975 488 1162 546 certaminis

157 573 261 628 cerat.
293 571 361 648 equi
375 571 502 630 manime
516 569 656 628 infestum
671 585 777 646 agmen
791 567 952 637 faciebant,
974 570 1025 648 qui
1041 577 1071 628 et
1086 569 1157 629 cla-

188 651 319 712 moribus
330 650 462 722 dissonis,
475 670 548 731 quos
559 669 681 712 nemora
696 652 784 712 etiam
795 669 1045 732 repercussaeque
1056 651 1160 712 valles

186 734 348 812 augebant,
370 737 467 796 territi
491 735 690 814 trepidabant,
712 742 742 796 et
764 735 816 794 icti
836 735 913 794 sorte
929 743 980 795 aut
999 735 1155 796 vulnerati

187 817 262 878 adeo
277 818 557 895 consternabantur,
583 826 614 878 ut
632 825 760 896 stragem
784 819 936 896 ingentem
950 818 1038 879 simul
1049 819 1154 878 homi-

157 908 257 962 tnum
285 921 320 962 ac
340 904 523 963 sarcinarum
545 903 640 961 omnis
661 902 777 978 generis
799 901 948 970 lacerent;
978 901 1153 979 multosque

187 983 283 1054 turba,
299 1003 366 1044 cum
376 986 552 1063 praecipites
564 984 705 1062 deruptae
715 985 864 1063 utrimque
874 986 1026 1062 angustiae
1037 992 1151 1053 essent,

186 1067 220 1126 in
233 1069 400 1128 inmensum
415 1067 575 1128 altitudinis
590 1067 708 1136 deiecit,
731 1067 874 1146 quosdam
889 1076 924 1128 et‘
935 1074 1078 1136 armatos;
1095 1066 1150 1128 sed

188 1151 291 1236 ruinae
302 1153 442 1212 maximae
456 1151 541 1210 modo
552 1153 681 1212 iumenta
704 1167 771 1212 cum
786 1150 927 1212 oneribus
952 1149 1150 1212 devolveban-

161 1240 272 1294 8tur.,·'
284 1251 358 1312 quae
378 1251 555 1314 quamquam
574 1233 660 1294 foeda
679 1235 742 1294 risu
767 1241 865 1304 erant,
886 1236 967 1296 stetit
985 1252 1150 1314 parumper

188 1324 288 1378 tamen
303 1317 449 1378 Hannibal
465 1335 499 1378 ac
513 1335 583 1380 suos
598 1319 755 1389 continuit,
778 1335 816 1378 ne
830 1316 988 1378 tumultum
1005 1336 1039 1380 ac
1053 1318 1149 1396 trepi-
1246 1315 1247 1320 ’

160 1397 337 1462 θᾶιιιὶοιιθιιι
358 1409 489 1478 augeret.
528 1401 650 1470 deinde,
673 1408 828 1480 postquam
841 1403 1017 1480 interrumpi
1039 1419 1149 1478 agmen

189 1485 261 1544 vidit
282 1485 505 1563 periculumque
520 1502 600 1555 esse,
623 1499 661 1544 ne
677 1492 796 1545 exutum
812 1485 1020 1564 inpedimentis
1034 1486 1145 1544 exerci·
1246 1547 1247 1550 ,

189 1578 252 1628 tum
270 1569 447 1647 nequiquam
463 1566 641 1628 incolumem
652 1567 842 1638 traduxisset,
865 1567 996 1629 decurrit
1009 1586 1046 1628 ex
1060 1585 1147 1646 supe·
1246 1561 1247 1630 J

190 1652 270 1710 riore
285 1650 350 1710 loco
365 1657 410 1720 et,
428 1667 496 1710 cum
512 1652 625 1728 impetu
639 1651 702 1728 ipso
716 1651 840 1712 fudisset
854 1653 983 1723 bostem,
999 1653 1059 1712 suis
1073 1669 1145 1730 quo-
1246 1645 1247 1708 j

150 1739 183 1790 10
193 1751 251 1812 que
265 1732 422 1792 tumultum
442 1734 530 1793 auxit.
566 1733 619 1792 sed
632 1734 658 1794 is
676 1733 819 1795 tumultus
838 1743 986 1796 momento
1006 1735 1146 1812 temporis

190 1823 345 1894 postquam
357 1814 481 1875 liberata
495 1817 601 1876 itinera
613 1816 680 1894 luga
692 1824 899 1879 montanorum
911 1825 1004 1886 erant,
1018 1817 1145 1888 sedatur,

192 1916 248 1960 nec
263 1917 318 1978 per
333 1901 424 1960 otium
446 1899 549 1970 modo,
571 1898 623 1960 sed
638 1918 732 1978 propo
747 1900 863 1962 silentio
885 1920 954 1962 mox
970 1919 1072 1961 omnes
1088 1909 1145 1960 tra-

152 1989 181 2042 ll
195 1983 283 2045 ducti.
322 1981 473 2044 castellum
487 1983 571 2054 inde,
587 1983 666 2062 quod
685 1991 772 2062 caput
792 1985 854 2044 eius
868 1985 999 2062 regionis
1013 1991 1090 2054 erat,
1107 1985 1145 2042 vi·

193 2066 333 2145 culosque
352 2069 558 2127 circumiectos
580 2068 671 2145 capit,
694 2074 724 2126 et
747 2075 832 2146 capto
847 2069 911 2129 cibo
933 2067 1145 2146 ac·pecoribus

192 2168 247 2231 per
261 2149 391 2210 triduum
403 2152 564 2210 exercitum
581 2149 664 2221 aluit,
682 2157 724 2220 et,
736 2153 806 2229 quia
820 2169 877 2212 nec
890 2153 1039 2212 montanis
1052 2151 1145 2228 primo

192 2232 336 2314 perculsis
351 2232 483 2294 neeloco
494 2250 601 2312 magno
612 2252 702 2314 opere
713 2233 953 2313 inpediebantur,
970 2233 1145 2314 aliquantum

193 2337 228 2378 eo
246 2317 343 2378 triduo
358 2319 420 2379 viae
435 2317 571 2378 coniecit.

169 2409 183 2460 1
258 2400 383 2461 XXXIV.
425 2401 600 2461 Perventum
620 2401 697 2472 ,inde
718 2399 756 2460 ad
781 2401 965 2480 frequentem
991 2400 1146 2462 cultoribus
1246 2407 1247 2420 ¹

195 2483 297 2554 abunt,
315 2493 348 2546 ut
361 2486 440 2546 inter
452 2492 621 2555 montanos,
637 2482 788 2564 populum.
814 2483 857 2544 ibi
872 2501 932 2544 non
942 2484 1021 2545 bello
1038 2493 1144 2564 aperto,
1246 2485 1247 2530 l

194 2568 246 2629 sed
262 2572 322 2630 suis
337 2567 463 2638 artibus,
481 2568 584 2629 fraude
600 2575 629 2628 et
643 2567 772 2637 insidis,
797 2575 842 2628 est
860 2586 953 2647 prope
968 2571 1145 2630 circumven-

165 2660 250 2714 etus.
283 2670 391 2729 magno
406 2661 477 2713 natu
493 2653 643 2731 principes
663 2649 849 2712 castellorum
872 2661 1003 2712 oratores
1025 2652 1061 2712 ad
1075 2653 1146 2712 Poe·
1246 2659 1247 2686 ι

196 2753 267 2796 num
282 2737 417 2804 veniunt,
435 2736 536 2797 alienis
551 2735 651 2806 malie,
673 2735 739 2796 utili
754 2734 901 2813 exemplo,
924 2735 1025 2796 doctos
1039 2754 1146 2796 memo·

195 2825 295 2878 rantes
321 2819 479 2878 amicitiam
507 2818 594 2880 malle
620 2837 707 2898 quam
734 2821 794 2878 vim
824 2819 952 2898 experiri
968 2819 1145 2887 Poenorum
1246 2813 1247 2822 ’

167 2908 183 2959 3
195 2902 293 2979 itaque
305 2899 497 2960 oboedienter
511 2903 653 2980 imperata
663 2901 805 2970 lactur0s;
820 2908 1014 2962 commeatum
1024 2903 1145 2963 itineris-

196 3001 253 3064 que
276 2981 365 3045 duces
389 2983 474 3045 etad
501 2984 591 3044 iidem
619 2985 831 3064 promissorum
853 2985 970 3045 obsides
995 2987 1144 3065 acciperet
1229 2992 1233 2996 ”

167 3067 340 3130 tHanuibal
361 3085 418 3128 nec
432 3075 545 3129 temere
561 3067 741 3128 credendum
759 3085 815 3128 nec
830 3069 1047 3146 aspernandum
1062 3075 1143 3137 ratus,
1246 3069 1247 3072 ’

196 3171 235 3214 ne
249 3153 397 3231 repudiati
414 3161 514 3233 aperte
537 3152 638 3213 hostes
653 3154 772 3223 tierent,
799 3151 927 3229 benigne
948 3170 1015 3212 cum
1030 3169 1143 3230 respon·

197 3236 296 3305 disset,
314 3235 473 3306 obsidibus,
486 3255 560 3315 quos
571 3235 680 3297 dabant
668 3237 1050 3326 acceptisetcommeatu,
1065 3253 1143 3313 quem

197 3319 228 3378 in
242 3321 318 3378 viam
332 3321 390 3396 ipsi
404 3318 578 3397 detulerant,
596 3337 675 3388 usne,
693 3336 878 3398 nequaquam
890 3325 924 3378 ut
933 3319 1011 3378 inter
1025 3325 1247 3396 pacatos„

168 3402 349 3479 aeonposito
366 3406 481 3478 agmine
500 3403 590 3462 duces
606 3421 709 3464 eorum
724 3404 866 3482 sequitur.
904 3403 1034 3480 primum
1049 3417 1145 3478 agmen
