2546 3936
194 163 237 225 66
320 175 498 229 mum,
513 176 582 217 oar.
598 151 1021 236 lo.[a.u.e.417-(421)42³]

198 319 1161 402 emnnnsmmnnmmumquepmuonuum
1244 301 1245 366 l

194 408 381 470 mentiti
394 410 519 469 duorum
530 407 708 487 populorum
720 410 869 467 exereitus
886 407 967 464 luscis
980 407 1159 484 propinqui·
1244 405 1245 466 l

195 493 393 553 tateurbium
416 493 502 552 etad
526 489 1160 570 lugampronioretiniugaipsamtior

165 577 261 636 aluit
292 586 459 638 nectamen
480 579 589 636 omissa
610 577 673 634 eius
693 573 1008 650 bellienrapataibts.
1026 574 1158 650 quiato-

196 663 275 720 tiens
288 662 347 720 iam
358 661 482 719 Sidicini
492 670 544 718 aut
558 661 614 736 ipsi
622 668 775 717 moverant
787 655 897 716 bellum
908 665 960 716 aut
969 655 1160 718 moventibus

164 756 182 802 t
196 743 336 804 auxilinm
345 743 476 803 tulerant
486 754 537 802 aut
547 761 633 802 rama
644 760 796 802 armorum
809 743 936 800 luerant
963 743 1062 818 imque
1073 742 1160 800 omni

197 847 253 907 ope
269 828 364 887 adnisi
382 837 464 896 mut,
482 835 515 885 ut
529 829 689 886 maximum
704 845 738 885 ea
754 835 928 903 tempestate
944 826 1158 902 imperatorem

164 913 234 972 fill.
247 910 395 970 Valerium
413 911 539 971 Corvum
554 909 707 970 consulem
717 919 853 988 quartum
869 909 1017 968 lacerent:
1040 906 1158 985 eollega

195 995 311 1054 additus
327 994 420 1054 Corvo
434 995 473 1054 lt
489 993 593 1053 Atilius
605 993 750 1070 Regulus:
768 1003 798 1052 et
811 1011 849 1052 ne
865 993 943 1052 lorte
955 1011 1026 1051 casn
1039 1010 1159 1052 errare·

196 1087 260 1146 tur,
280 1076 794 1155 petiuuuabeonsulibns,utextra
808 1087 918 1136 sortem
936 1077 1158 1154 Cordeapro-

163 1162 291 1222 trincia
318 1169 404 1220 esset
438 1163 569 1222 exercitu
592 1164 702 1220 neure
721 1181 739 1222 a
759 1159 961 1239 superioribus
985 1157 1159 1220 consulibus

197 1253 319 1323 accepto
330 1245 367 1304 nd
378 1244 476 1314 sales,
492 1245 571 1305 unde
581 1244 692 1306 bellum
703 1255 802 1304 ortum
813 1253 892 1312 erat,
906 1245 1072 1322 proiectus,
1088 1262 1157 1303 cnm

196 1329 298 1390 hostes
319 1328 357 1388 ab
376 1332 538 1408 superioris
557 1332 645 1390 etiam
673 1330 843 1388 certaminis
865 1330 1009 1387 memoria
1035 1327 1159 1406 pavidos

197 1413 328 1474 elamore
341 1423 430 1491 atque
443 1415 556 1492 impetu
566 1416 662 1491 primu
676 1413 818 1482 fudisset,
833 1413 951 1472 moenia
965 1414 1028 1489 ipsa
1043 1429 1157 1490 oppug-

164 1508 181 1555 '1
196 1497 498 1573 nareestadgressus.
522 1495 683 1556 etmilitum
696 1494 814 1574 quidem
825 1498 852 1555 is
864 1506 929 1555 erat
938 1496 1037 1564 ardor,
1050 1506 1083 1554 ut
1097 1497 1157 1554 iam

195 1581 267 1639 inde
281 1599 349 1640 eum
371 1579 458 1639 scalis
477 1580 638 1639 succedere
657 1579 696 1638 ad
716 1599 819 1640 muros
834 1579 944 1640 vellent
959 1597 1157 1658 evasurosque

165 1662 427 1730 ewntenderent;
449 1664 574 1730 Corvus,
592 1665 660 1740 quia
675 1663 706 1722 id
721 1663 846 1723 arduum
866 1665 943 1724 lactu
959 1672 1036 1730 erat,
1054 1661 1158 1722 labore

197 1745 323 1806 militnm
346 1748 444 1823 potius
463 1765 551 1825 quiam
571 1746 703 1824 periculo
721 1765 865 1826 peragere
885 1750 1037 1824 inceptum
1056 1745 1155 1805 voluit

196 1832 296 1907 itaque
318 1847 456 1906 aggerem
477 1839 509 1890 et
527 1833 627 1890 vineas
647 1833 708 1908 egit
730 1839 884 1910 uirtusque
903 1850 989 1890 muro
1017 1831 1156 1899 admovit,

164 1923 320 1992 tqrtamm
336 1932 422 1973 mum
436 1914 513 1974 sorte
523 1913 621 1974 oblata
635 1917 818 1993 oporttmitas
830 1916 999 1994 praevertit
1028 1933 1157 1992 namque

196 1998 235 2057 ll.
251 1997 375 2065 Fabius,
394 2000 523 2076 eeptirns
538 1998 704 2068 Romanus,
719 2017 787 2058 eum
802 2017 857 2078 per
870 1997 1088 2076 neglegentiam
1105 2016 1157 2057 eu·

196 2080 314 2150 stodom
331 2080 406 2142 [esto
431 2081 479 2141 die
499 2081 620 2140 vinculis
639 2084 735 2160 ruptis
759 2101 814 2161 per
832 2101 950 2143 munim
970 2084 1049 2142 inter
1065 2100 1157 2160 opera

196 2164 397 2225 Romanorum
423 2165 546 2243 religata
572 2163 609 2226 ad
635 2167 758 2244 pinnam
782 2169 861 2226 mun'
888 2174 968 2226 reste
995 2184 1157 2244 suspensus

155 2247 333 2308 tomanibus
358 2267 391 2308 se
417 2248 597 2318 demisisset,
625 2249 756 2328 perpulit
783 2251 1010 2327 imperatorem.
1032 2258 1065 2310 ut
1088 2251 1157 2310 vino

197 2331 350 2410 epulisque
364 2334 475 2411 sopitos
489 2333 591 2393 hostes
606 2333 829 2410 adgrederetur.
862 2353 919 2394 nee
933 2335 1046 2393 maiore
1060 2342 1157 2394 certa-

196 2417 277 2476 mine
291 2419 368 2494 eapti
382 2435 450 2476 enm
464 2417 540 2476 urbe
554 2420 686 2476 Ausones
705 2427 786 2485 sunt,
807 2436 895 2496 quam
911 2418 974 2476 acie
990 2417 1048 2476 rusi
1062 2426 1157 2478 erant.

196 2499 306 2575 praeda
322 2508 405 2578 capta
421 2500 526 2576 ingens
540 2508 598 2568 est,
613 2500 819 2578 praesidioque
830 2503 960 2580 inposito
976 2499 1093 2562 Calihirs
1107 2519 1156 2560 re-

154 2589 187 2639 ll
197 2583 302 2642 ductae
313 2583 437 2643 llomam
448 2582 589 2660 legiones.
610 2582 714 2642 consul
725 2603 762 2644 ex
775 2595 896 2645 senatus
906 2583 1043 2644 consulito
1051 2586 1156 2646 trium·

195 2665 311 2744 pluant,
332 2674 378 2735 et,
398 2683 438 2725 ne
458 2665 563 2728 Atilius
583 2685 691 2746 expers
719 2667 830 2746 gloriae
850 2678 943 2738 esset,
969 2669 1042 2728 iussi
1068 2667 1157 2730 ambo

154 2756 188 2806 12
199 2747 336 2808 eonsules
350 2747 490 2809 adversus
501 2750 647 2810 Sidicinos
657 2749 766 2811 dueere
781 2754 954 2815 exereitum.
983 2751 1156 2812 dictatorem

197 2839 265 2890 ante
282 2848 318 2891 ex
335 2839 455 2892 senatus
478 2833 613 2895 consulto
634 2837 821 2895 comitiorum
839 2835 1045 2896 habendomm
1068 2854 1156 2897 eausa

196 2913 335 2975 dixertmt
346 2915 378 2976 t.
390 2915 545 2976 Aemilium
557 2919 785 2988 llamereinum;
801 2920 827 2978 is
837 2921 1011 2997 magistrum
1023 2921 1155 2998 equitum

196 2997 230 3068 Q.
247 2997 405 3060 Publilium
426 3000 581 3062 Philonem
602 3000 685 3062 dixit
719 3001 862 3064 dictatore
881 3003 1000 3064 comitia
1027 3002 1174 3064 habente.
1244 3069 1245 3088 p

155 3087 188 3140 13
196 3081 332 3144 eonsules
347 3087 439 3144 creati
454 3093 524 3144 sunt
538 3085 572 3146 T.
584 3086 723 3146 Veturius
739 3085 790 3164 Sp.
806 3085 982 3148 Postumius
1014 3089 1070 3147 etsi
1084 3085 1156 3147 belli
1244 3105 1245 3154 l

194 3185 265 3245 pars
281 3185 348 3226 cum
363 3168 502 3228 Sidicinis
518 3167 663 3242 restabat,
685 3177 799 3241 umen,
819 3177 852 3230 ut
869 3169 1015 3230 beneficio
1031 3189 1156 3249 praeve·
1244 3165 1245 3240 l

195 3251 295 3308 nirent
305 3250 484 3313 desiderium
498 3251 608 3330 plebis,
627 3250 665 3312 de
679 3251 793 3314 colonia
809 3252 980 3314 deducenda
995 3253 1080 3315 Cales
1093 3264 1157 3314 ret·
1244 3243 1245 3266 ³

154 3339 189 3392 ll
198 3331 345 3401 tulerunt;
357 3336 494 3412 laetoque
502 3345 622 3396 senatus
636 3334 779 3406 consulto,
795 3345 829 3396 ut
838 3337 897 3397 duo
909 3337 989 3398 milia
1000 3339 1156 3416 quingenti

196 3413 332 3476 homines
346 3435 382 3476 eo
398 3416 615 3488 scriberentur,
632 3422 801 3480 triumviros
816 3419 949 3481 coloniae
962 3418 1156 3482 deducendae
