2546 3936
205 189 247 250 'lli
402 201 496 242 urana
510 199 580 244 vm.
594 197 662 240 car.
678 185 722 240 25.
737 185 781 239 20.
798 174 838 258 [a.
853 199 884 238 n.
900 197 927 238 c.
942 173 1006 262 428}

178 349 386 431 apolliccntes
403 346 521 408 foedere
535 365 605 424 ergo
617 347 648 406 iu
660 345 816 406 amicitiam
827 344 952 423 accepti.
976 341 1083 403 eodem
1097 351 1186 404 tem-
1247 385 1248 426 5

207 452 281 513 pore
298 435 383 494 eham
404 434 435 492 in
451 433 569 492 Samnio
589 447 638 490 res
655 447 806 508 prospere
819 436 910 506 gesta.
946 427 1001 488 tria
1017 427 1133 506 oppida
1148 431 1183 488 in

207 525 379 595 potestatem
405 522 565 585 venerunt,
591 511 695 573 Allifae
716 510 834 574 Callifae
856 511 1008 580 Rufrium,
1036 509 1184 591 aliusque
1247 515 1248 554 ³

208 619 278 679 ager
289 596 680 680 primoadventuconsulum
694 595 781 674 longe
795 594 911 674 lateque
920 602 965 656 est
975 603 1181 673 pervastatus.

180 685 265 745 thoe
279 683 357 744 hello
372 693 431 744 tam
447 699 590 762 prospere
604 681 759 740 commisso
770 678 854 740 alteri
867 697 984 758 quoque
999 676 1095 748 hello,
1113 697 1182 758 quo

208 769 311 829 Graeci
328 767 552 834 obsidebantur,
573 766 631 824 iam
654 764 721 824 finis
736 763 846 824 aderat.
876 781 944 822 nam
960 771 1180 842 praeterquam

91 926 93 930 Ι
208 853 285 931 quod
307 850 493 928 intersaeptis
511 848 701 909 munimentis
723 847 850 908 hostium
872 864 941 925 pars
961 847 1038 925 parti
1055 844 1178 907 abscisa

207 943 284 1004 erat,
303 933 433 994 foediora
445 931 593 1012 aliquanto
609 932 685 992 intra
698 947 798 992 muros
811 931 862 1000 iis,
879 929 984 1010 quihus
999 929 1094 990 hostis
1110 938 1176 990 ter·

178 1017 312 1079 eritabat
328 1013 557 1098 [patiebantur],
579 1023 609 1076 et
628 1014 707 1075 velut
724 1015 802 1092 eapti
819 1032 835 1075 a
851 1015 972 1074 suismet
993 1013 1066 1092 ipsis
1081 1031 1175 1092 prae-

207 1101 289 1162 sidiis
303 1099 424 1179 indigna
437 1101 494 1161 iam
512 1103 543 1160 ia
563 1098 665 1160 liberis
679 1115 796 1178 quoque
811 1116 844 1158 ac
860 1096 1033 1176 coniugibus
1047 1105 1078 1158 et
1093 1115 1175 1176 quae

179 1193 358 1262 acaptarum
378 1184 495 1245 urbium
514 1191 644 1247 extrema
665 1189 735 1244 sunt
754 1180 949 1260 patiebantur.
980 1183 1079 1260 itaque
1100 1198 1175 1241 cum

207 1277 266 1330 eta
283 1268 410 1330 Tarento
429 1274 459 1328 et
473 1286 489 1329 a
504 1266 684 1329 Samnitibus
701 1266 777 1327 fama
793 1272 871 1326 esset
885 1283 958 1326 nora
973 1264 1082 1326 auxilia
1096 1281 1173 1325 ven·

207 1360 287 1423 tura,
310 1353 483 1426 Samnitium
499 1352 565 1432 plus
582 1370 669 1431 quam
687 1349 793 1411 vellent
813 1350 889 1410 intra
910 1349 1026 1411 moenia
1042 1366 1107 1410 esse
1121 1365 1173 1410 re·

180 1436 328 1508 ebantur,
344 1437 570 1498 Tarentinorum
588 1437 781 1504 iuventutem,
804 1433 910 1495 Graeci
925 1433 1067 1502 Craeeos,
1089 1431 1171 1494 haud

209 1523 308 1582 minus
327 1539 382 1598 per
398 1538 472 1600 quos
485 1519 609 1580 Samniti
623 1516 794 1597 Nolanoque
806 1536 892 1598 quam
907 1524 940 1578 ut
960 1516 1100 1578 Romanis
1114 1516 1170 1577 ho·

207 1604 301 1665 stibus
315 1604 504 1673 resisterent,
519 1601 721 1682 expectabant
746 1611 896 1681 postremo
910 1600 1089 1661 levissimum
1105 1618 1171 1662 ma-

179 1685 303 1748 tiorum
328 1685 438 1746 deditio
460 1686 495 1745 ad
518 1684 665 1746 Romanos
687 1687 770 1747 visa,
790 1683 940 1747 Charilaus
958 1694 988 1745 et
1004 1683 1170 1763 Nymphius

207 1771 357 1848 principes
371 1771 493 1831 civitatis
508 1771 722 1830 communicato
737 1771 816 1829 inter
833 1787 864 1828 se
877 1767 999 1828 consilio
1014 1777 1114 1846 partes
1130 1768 1168 1828 ad

207 1872 270 1915 rem
286 1851 428 1931 agendam
447 1853 587 1924 diu‘sere,
605 1861 638 1914 ut
652 1852 725 1914 alter
742 1853 778 1915 ad
794 1855 1003 1932 imperatorem
1018 1852 1167 1912 llomano·

124 2007 126 2010 ·
206 1955 272 1999 rum
292 1937 506 2015 transfugeret,
529 1937 603 1998 alter
618 1936 790 1998 subsisteret
807 1937 843 1998 ad
864 1935 1063 2015 praehendam
1078 1953 1168 2014 opor-

165 2027 197 2079 10
210 2028 310 2082 tunam
332 2020 454 2082 consilio
474 2021 589 2082 urbem.
620 2019 771 2082 Charilaus
790 2021 859 2090 fuit,
880 2021 930 2101 qui
952 2021 988 2080 ad
1008 2019 1166 2082 Publilium

206 2104 359 2166 Philonem
383 2105 527 2176 renitet,
554 2105 632 2184 quod
654 2104 764 2166 bonum
786 2105 913 2166 faustum
935 2103 1004 2164 felix
1025 2103 1165 2182 Palaepo-

205 2187 303 2250 litanis
317 2186 485 2267 populoque
498 2186 631 2252 Romano
647 2197 737 2259 esset,
754 2189 871 2250 tradere
882 2206 914 2248 se
926 2189 966 2249 ait
977 2189 1093 2248 moenia
1107 2195 1166 2249 sta·

165 2281 192 2332 lt
207 2275 307 2334 tuisse.
339 2290 375 2332 eo
396 2272 472 2333 facto
488 2282 586 2335 utrum
601 2273 638 2334 ah
653 2291 684 2332 se
704 2272 820 2352 prodita
835 2291 872 2334 an
886 2279 1000 2334 serrata
1014 2273 1108 2350 patria
1123 2273 1165 2332 ti-

205 2357 323 2425 deatur,
345 2358 375 2416 in
398 2355 456 2416 ilde
473 2356 604 2418 Romana
625 2358 751 2437 positum
774 2375 847 2418 esse.
877 2355 934 2416 sihi
954 2357 1088 2435 privatim
1110 2373 1165 2416 nee

163 2448 195 2498 12
206 2441 314 2519 pacisci
329 2441 485 2520 quiequam
502 2459 557 2500 nee
572 2448 691 2519 petere;
708 2440 825 2520 publice
841 2449 942 2519 petere
953 2457 1040 2518 quam
1056 2441 1164 2516 pacisci

205 2525 313 2603 magis,
336 2531 382 2592 ut,
398 2523 423 2584 si
438 2525 627 2585 successisset
647 2525 787 2604 inceptis,
809 2525 951 2602 cogitaret
966 2521 1092 2602 populus
1105 2521 1163 2582 llo-

204 2626 308 2669 manus
322 2609 435 2686 potius,
460 2624 527 2668 eum
544 2616 651 2686 quanto
673 2608 770 2670 studio
785 2607 975 2687 periculoque
990 2605 1116 2668 reditum
1131 2609 1161 2666 in

205 2692 363 2751 amicitiam
379 2709 460 2751 suam
479 2700 570 2760 esset,
586 2711 674 2771 quam
691 2711 747 2772 qua
762 2691 884 2754 stulh‘tia
901 2698 931 2752 et
946 2691 1111 2752 temeritate
1125 2690 1161 2750 de

162 2773 301 2833 lanificio
322 2773 485 2834 decessum.
521 2775 712 2838 conlaudatus
734 2775 770 2838 ad
798 2776 977 2854 imperatore
1004 2775 1059 2834 tria
1082 2773 1160 2834 milia

204 2853 328 2915 militum
351 2855 386 2916 ad
411 2858 612 2936 occupandam
635 2877 699 2922 eam
719 2867 834 2938 partem
855 2859 951 2929 urhis,
973 2876 1061 2938 quarn
1077 2857 1156 2918 Sam·

204 2941 281 3000 nites
293 2937 474 3011 insidebant,
496 2943 623 3020 accepim
645 2943 790 3020 praesidio
805 2945 832 3004 ei
846 2943 880 3005 t.
896 2943 1058 3014 Quinctius,
1068 2937 1157 3002 trihu·

176 3031 189 3081 1
205 3041 260 3084 nus
275 3021 398 3082 militum
413 3025 607 3103 praepositus.
639 3024 737 3086 xxvi.
759 3025 869 3087 Eodem
887 3035 1020 3106 tempure
1032 3034 1063 3085 et
1073 3025 1156 3102 Nym·
1247 3053 1248 3062 κ

203 3107 290 3186 phius
318 3115 485 3186 praetorem
508 3108 682 3170 Samnitium
703 3117 766 3170 arte
795 3111 951 3188 adgressus
982 3106 1155 3189 perpulerat,

202 3199 249 3258 ut,
268 3191 405 3271 quoniam
420 3193 517 3253 omnis
530 3193 680 3255 Romanus
693 3195 840 3255 exercitus
862 3205 911 3254 aut
929 3194 1008 3255 circe
1022 3190 1156 3270 Palaepo-

202 3274 254 3336 lim
271 3283 320 3335 aut
336 3275 367 3334 in
384 3273 504 3336 Sammo
518 3283 609 3348 esset,
632 3279 744 3339 sineret
764 3294 796 3338 se
815 3276 907 3339 classe
922 3275 1101 3338 circumvehi
1119 3272 1153 3335 ad

203 3357 367 3418 llomanum
387 3376 507 3436 amum,
528 3377 588 3420 non
609 3377 690 3423 oram
707 3359 795 3421 modo
816 3363 920 3432 meris,
942 3359 995 3422 sed
1017 3360 1074 3438 ipsi
1093 3355 1155 3418 urhi

173 3441 366 3519 apropinqua
382 3439 446 3502 loca
458 3441 712 3522 depopulaturum.
736 3444 788 3504 sed
799 3451 832 3504 ut
845 3443 975 3514 falleret,
991 3451 1078 3505 noete
1090 3457 1154 3520 pre·
