2538 3946
274 202 369 244 mnnn
383 205 415 246 x.
431 202 500 245 una.
518 191 561 242 21.
575 192 618 242 22.
636 191 678 242 2³.
694 180 734 265 [a.
749 185 784 247 (i.
800 186 861 268 296]
989 195 1047 257 171

76 357 177 418 citum
190 350 351 412 Gallorum.
377 350 515 410 adversus
526 356 662 429 quattuor
672 349 796 430 populos
812 351 901 414 duces
913 355 1048 418 consules
1059 361 1092 416 lb

76 440 135 501 illo
150 438 200 498 die
224 435 312 513 deligi
332 435 544 496 meminissent.
573 453 619 504 se,
642 435 699 494 nisi
714 435 875 496 confideret
897 457 963 498 eum
978 458 1048 502 con·

78 517 1048 599 sensuliomanipopuliconsulemdecla1·atumiri,quilrauddubie

78 615 147 668 tum
161 607 275 684 primus
287 605 417 663 omnium
430 602 534 663 ductor
546 603 696 670 habeatur,
711 602 884 664 dictatorem
897 605 986 664 luisse
997 624 1047 666 ex·

78 689 198 768 templo
209 688 365 748 dicturum.
405 685 494 747 XXll.
519 687 636 758 Nemini
648 686 849 755 dubiumerat,
862 690 933 766 quin
942 687 1050 748 Fabius
1062 695 1078 746 1

81 773 214 845 Quintus
226 773 358 830 omnium
369 788 516 831 consensu
527 770 738 839 destinaretur;
752 789 877 850 eumque
890 781 918 832 et
928 791 1049 850 praero-

81 858 200 936 gativae
211 861 240 913 et
253 856 350 932 primu
361 861 479 914 vocatae
491 872 593 915 omnes
606 856 757 915 centuriae
772 854 923 916 consulem
937 874 1003 915 cum
1016 855 1048 916 L.

80 939 242 1000 Volumnio
255 937 400 998 dicebant.
433 937 516 998 Fabii
528 941 621 999 oratio
643 939 697 998 luit
708 937 803 1017 qualis
823 937 943 998 biennio
964 947 1077 1008 ante;2

82 1022 202 1092 deinde,
215 1019 424 1082 utrincebatnr
435 1039 589 1092 consensu,
603 1040 685 1081 versa
698 1032 846 1100 postremo
858 1023 893 1084 ad
904 1021 1046 1100 collegam

83 1107 117 1168 P.
130 1107 253 1168 Decium
266 1105 462 1181 poscendum:
474 1105 505 1164 id
516 1109 660 1166 senectuti
671 1123 741 1166 suae
752 1107 962 1168 adminiculum
974 1107 1049 1168 iore.
1061 1111 1078 1164 3

83 1207 212 1250 censura
227 1187 398 1266 duobusque
414 1187 613 1248 consulatibus
633 1188 721 1248 simul
741 1192 831 1266 gestis
847 1199 1000 1269 expertum
1016 1209 1049 1252 se

83 1272 159 1334 nihil
172 1271 312 1333 concordi
328 1270 451 1348 collegio
469 1271 582 1330 firmius
596 1271 632 1332 ad
654 1290 718 1331 rem
738 1271 886 1350 publicam
909 1274 1048 1334 tuendam

83 1375 161 1420 esse.
192 1373 267 1434 novo
288 1355 405 1433 imperii
419 1355 498 1414 socio
513 1356 560 1414 vix
580 1355 637 1414 iam
653 1355 827 1414 adsuescere
841 1355 964 1415 senilem
986 1357 1048 1415 ani·

83 1459 167 1502 mum
185 1457 286 1518 possm
308 1456 374 1497 cum
391 1437 523 1498 moribus
544 1439 621 1498 notis
636 1437 749 1498 lacilius
770 1456 801 1498 se
817 1439 1048 1498 communicatu·

83 1542 153 1586 rum
169 1522 300 1582 consilia.
333 1520 507 1601 subscripsit
522 1523 648 1582 orationi
662 1523 726 1582 eius
738 1521 839 1583 consul
852 1541 918 1582 cum
934 1522 1075 1582 meritis4

84 1607 117 1670 P.
133 1607 216 1668 Decii
232 1605 380 1675 laudibus,
405 1612 467 1666 tum
485 1623 559 1684 quae
579 1623 615 1666 ex
629 1606 788 1667 concordia
803 1605 956 1667 consulum
971 1603 1050 1665 bona

87 1709 220 1772 quaeque
236 1708 272 1750 ex
287 1688 434 1751 discordia
448 1689 524 1751 mala
540 1691 573 1750 in
588 1691 839 1754 administratione
854 1707 956 1751 rerum
971 1687 1048 1750 mili-

85 1777 194 1836 tarium
210 1775 376 1843 evenirent,
398 1775 604 1845 memorando,
627 1793 715 1854 qnam
731 1793 824 1854 prope
838 1775 972 1836 ultimum
986 1773 1075 1833 dis-s

87 1861 202 1919 crimen
217 1859 276 1917 suis
293 1866 323 1916 et
336 1856 465 1934 collegae
483 1859 695 1917 certaminibus
711 1877 806 1936 nuper
822 1868 940 1919 ventum
961 1857 1046 1926 soret.

87 1939 288 2002 admonendo:
300 1940 422 2001 Decium
429 1939 610 2019 Fabiumque
623 1938 685 2020 [ut]
696 1943 870 2010 uiroanimo,
883 1943 1077 1999 unamenten

86 2027 183 2086 virere
191 2021 269 2104 [nt];
281 2041 344 2083 esse
353 2025 591 2103 praetereariros
599 2033 682 2084 natos
690 2023 818 2092 militiae,
828 2024 1048 2098 lactismagn‘os,

88 2108 124 2170 ad
140 2107 298 2168 verborum
313 2107 489 2186 linguaeque
501 2109 660 2166 certamina
676 2106 781 2166 rudes:
798 2125 832 2166 ea
847 2106 964 2182 ingenia
977 2121 1047 2164 con·

88 2191 195 2253 sularia
217 2209 295 2260 esse;
317 2190 437 2252 callidos
457 2188 650 2268 sollertesque
670 2190 743 2250 iuris
764 2197 850 2269 atque
865 2188 1075 2267 eloquentiae't

90 2274 251 2345 consultoS,
277 2273 369 2352 qualis
381 2274 456 2353 App.
473 2271 609 2334 Claudius
623 2281 714 2342 esset,
731 2272 808 2332 ,urbi
823 2291 857 2334 ao
881 2273 946 2332 loro
962 2289 1048 2350 prae·

89 2359 167 2420 sides
187 2358 341 2420 habendos
362 2364 574 2438 praetoresque
597 2356 633 2417 ad
652 2355 802 2416 reddenda
823 2357 887 2414 iura
904 2352 1049 2415 creandos

89 2461 162 2504 esse.
195 2443 242 2503 his
256 2441 376 2519 agendis
391 2442 454 2503 dies
469 2448 515 2502 est
528 2447 728 2519 consumptus.
754 2439 896 2518 postridie
912 2437 948 2498 ad
964 2443 1077 2516 prae-8

89 2527 229 2604 scriptum
242 2525 370 2586 consulis
382 2533 411 2587 et
422 2525 587 2587 consularia
599 2533 628 2584 et
644 2525 792 2601 praetoria
804 2523 922 2582 comitia
939 2519 1048 2596 habita.

90 2610 224 2670 consules
240 2613 330 2670 creati
345 2610 379 2682 0.
391 2610 499 2671 Fabius
512 2617 542 2670 et
560 2610 593 2670 P.
606 2609 725 2679 Decius,
741 2609 795 2686 dp.
808 2605 945 2668 Claudius
962 2608 1075 2684 prae-9

89 2701 150 2764 tor,
172 2712 275 2754 omnes
289 2694 435 2755 absentes.
465 2702 495 2754 et
506 2693 538 2754 L.
555 2692 709 2752 Volumnio
727 2709 763 2751 ex
776 2700 896 2752 senatus
913 2686 1047 2749 consulto

91 2785 120 2838 et
135 2779 207 2838 scito
225 2777 320 2855 plebis
335 2785 526 2861 prorogatum
545 2779 575 2836 in
591 2793 700 2835 annum
714 2774 872 2853 imperium
888 2780 942 2834 est.

150 2860 252 2919 XXlll.
283 2862 325 2922 Eo
337 2879 415 2922 anno
425 2860 559 2941 prodigia
574 2857 665 2920 multa
679 2859 813 2929 luerunt,
829 2876 955 2937 quorum
967 2862 1077 2918 aver-1

92 2942 308 3003 runcandorum
325 2963 411 3006 eausa
433 2945 660 3027 supplicationes
676 2944 708 3004 in
728 2942 849 3004 biduum
864 2950 982 3002 senatus
997 2941 1048 3000 de·

5 3057 7 3082 r
93 3024 195 3088 crevit:
211 3023 327 3098 publice
342 3030 440 3088 vinum
456 3047 491 3090 ac
510 3036 558 3089 tus
570 3027 745 3106 praebitum.
775 3025 969 3107 supplicatum
986 3025 1077 3082 ieret

93 3106 261 3184 frequentes
273 3109 327 3166 viri
342 3110 535 3188 feminaeque.
561 3111 707 3185 insignem
723 3110 968 3186 supplicationem
980 3104 1077 3164 recita

94 3199 241 3252 certamen
264 3191 298 3249 in
324 3190 432 3251 sacello
458 3191 618 3252 Pudicitiae
645 3193 800 3266 patriciae,
828 3207 902 3267 quae
927 3189 958 3246 in
983 3186 1048 3246 loro

93 3275 210 3337 bovario
228 3281 273 3336 est
290 3273 326 3334 ad
344 3273 447 3334 aedem
463 3273 618 3334 rotundam
633 3273 782 3342 Herculis,
806 3274 884 3332 inter
901 3277 1049 3330 matronas

96 3367 197 3420 ortum.
230 3360 398 3438 Verginiam
414 3357 480 3421 tuti
497 3354 600 3425 liliam,
621 3355 772 3434 patriciam
790 3354 906 3436 plebeio
927 3360 1079 3430 nuptamt

96 3439 127 3504 L.
141 3444 296 3508 Volumnio
316 3443 445 3518 consuli,
459 3450 626 3512 matronae,
642 3439 721 3522 quod
736 3460 753 3503 e
766 3439 900 3522 patribus
915 3439 1048 3521 enupsis-
