2546 3936
154 243 156 248 '
194 227 269 300 ,92
322 252 338 266 ·-
388 239 565 282 araneum.
584 198 715 280 osrjto.
733 213 772 296 [a.
788 211 860 275 use.
876 217 936 270 432.
952 206 1013 292 tta]

135 363 137 366 Ι
194 397 210 448 1
288 388 349 449 XL.
373 389 435 449 lloc
449 370 560 448 bellum
576 404 592 445 a
610 346 781 446 oonsulibus
792 379 933 440 bellatum
952 376 1073 457 quidam
1088 330 1192 436 aucto·

224 492 274 534 res
286 480 361 543 sunt,
375 490 484 552 eosque
495 466 725 531 deSamnltibus
737 463 950 544 triumphasse;
966 460 1089 522 Fabium
1101 461 1192 522 etiam

224 560 254 617 in
267 555 401 636 Apuliam
419 555 600 636 processisse
616 549 704 630 atque
719 549 788 608 iude
802 563 925 625 magnas
940 543 1067 625 praedas
1083 545 1190 622 egisse.

224 658 280 701 nec
301 640 464 719 discrepat,
480 639 552 718 quin
567 635 693 695 dictator
712 649 747 692 eo
767 649 846 692 anno
860 632 893 692 Α.
913 627 1065 692 Cornelius
1086 628 1186 690 luerit.

172 721 254 794 'aid
277 722 453 801 ambigitur,
478 720 588 799 belline
608 716 731 797 gerendi
753 732 840 776 causa
869 721 987 775 creatus
1014 713 1080 782 sit,
1097 728 1135 772 an
1157 721 1191 771 ut

115 839 118 846 ,
223 815 302 869 esset
324 809 375 887 qui
403 806 479 867 ludis
498 804 654 871 Romanis,
677 798 745 880 quia
762 800 795 876 L,
811 796 943 880 Plautius
965 796 1207 875 praetor-'gravi-

224 890 329 953 morbo
350 891 427 951 lorte
448 887 596 969 inplicitus
618 895 696 954 erat,
726 884 843 961 signum
864 880 1017 942 mittendis
1038 879 1189 959 quadrigis

193 975 322 1045 aduret,
339 974 514 1051 iunctusque
527 988 561 1030 eo
578 969 656 1030 haud
672 985 742 1042 sane
763 964 949 1027 memorandi
968 964 1086 1043 imperii
1100 964 1188 1024 mini-

223 1061 314 1118 sterio
332 1076 364 1118 se
379 1057 523 1118 dictatura
541 1053 706 1121 abdicaret;
735 1068 791 1112 nec
813 1048 899 1110 facile
922 1055 966 1112 est
991 1053 1041 1109 aut
1065 1065 1130 1108 rem
1145 1048 1188 1110 rel

194 1150 275 1202 aaut
289 1148 442 1202 auctorem
453 1139 567 1200 auctori
581 1137 744 1219 praeferre.
768 1135 898 1195 vitiatam
911 1132 1087 1194 memoriam
1103 1131 1188 1192 sunc-

223 1225 327 1288 brlbus
342 1220 477 1286 laudibus
498 1241 568 1286 reor
595 1219 733 1299 falsisque
751 1219 913 1297 lmaginum
930 1214 1037 1285 titulis,
1060 1214 1132 1282 dum
1147 1214 1189 1274 ia·

223 1309 322 1370 miliae
337 1308 373 1370 ad
385 1327 417 1370 so
432 1325 565 1389 quaeque
583 1305 691 1367 famam
706 1321 807 1374 rerum
820 1308 969 1379 gestarum
978 1289 1190 1378 bonorumque

193 1393 336 1456 ulalleuti
352 1393 507 1455 mendacio
522 1390 653 1451 trabunt.
681 1387 848 1462 inducente
863 1394 893 1447 et
906 1381 1096 1462 singulorum·
1107 1392 1188 1462 gesta
1255 1447 1256 1450 Ἴ

121 1472 123 1475 ’
224 1487 254 1540 et
281 1477 399 1557 publica
426 1482 622 1537 monumenta
644 1487 746 1532 rerum
772 1470 903 1552 confusa.
951 1485 1007 1528 uec
1023 1468 1189 1548 'quisquam
1255 1463 1256 1528 l

223 1562 353 1640 aequalis
374 1559 559 1639 temporibus
580 1556 639 1618 illis
651 1557 787 1636 'scriptor
815 1560 909 1625 extat,
933 1569 991 1632 quo
1012 1552 1189 1613 satis-certo

223 1654 345 1705 auctore
360 1650 463 1703 stetur.

616 1806 810 1816 ...—

524 2055 708 2118 amioum
728 2055 829 2116 uum
849 2055 897 2116 m.
1037 2020 1040 2028 ’

292 2227 322 2277 Τ.
333 2227 456 2276 Veturius
469 2224 576 2288 Spurius
584 2223 736 2276 Postumius
749 2222 868 2274 consules
879 2223 948 2289 apud
960 2222 1045 2276 furcas
1059 2224 1188 2275 Caudinas
1254 2211 1255 2298 ]

223 2295 333 2346 deductu
347 2294 470 2344 inlocum
489 2303 571 2341 artum
589 2292 717 2350 exercitu,
732 2305 791 2340 cum
809 2305 870 2356 spes
883 2291 953 2341 nulla
965 2299 1033 2341 esset
1050 2292 1186 2354 evadendi,
1254 2305 1255 2328 ³

223 2361 326 2412 foedera
339 2376 395 2411 cum
406 2359 562 2411 Samnitibus
575 2358 641 2407 lacto
655 2367 679 2406 et
685 2359 809 2409 sescentis
823 2358 949 2420 equitibus
955 2358 1075 2409 Romanis
1089 2359 1186 2409 obsidi-

225 2430 273 2478 bus
287 2429 353 2478 datis
367 2429 401 2478 lta
414 2427 552 2476 exercitum
565 2425 739 2485 abduxerunt,
753 2433 780 2474 ut
791 2439 880 2474 omnes
892 2425 941 2476 sub
953 2425 1041 2489 iugum
1053 2425 1187 2475 mitteren-

223 2505 276 2554 τηις
290 2495 408 2558 idemque
420 2502 521 2544 auctore
534 2492 626 2557 Spurio
639 2493 769 2542 Postumio
788 2491 904 2554 consule,
923 2493 966 2556 qul
983 2494 1010 2541 in
1022 2499 1114 2542 senatu
1126 2504 1188 2542 sua-

223 2570 304 2622 serat,
317 2570 345 2611 ut
357 2575 443 2612 eorum
456 2560 598 2622 deditione,
609 2573 719 2623 quorum
729 2558 803 2624 culpa
815 2567 866 2610 um
879 2558 993 2610 deforme
1005 2559 1096 2610 loedus
1107 2560 1187 2609 letum

224 2637 290 2692 erat,
303 2629 405 2696 publica
417 2628 482 2678 fides
495 2627 655 2688 liberaretur,
669 2640 725 2675 oum
739 2625 838 2676 duobus
850 2627 957 2678 tribunis
969 2625 1051 2693 plebis
1064 2635 1090 2676 et
1101 2627 1187 2676 omni·

224 2697 286 2756 bus,
300 2698 344 2758 qni
356 2695 447 2746 foedus
464 2693 665 2760 spoponderant,
684 2693 762 2742 dediti
775 2691 931 2744 Samnitibus
943 2708 993 2743 uon
1006 2700 1066 2744 suut
1077 2695 1186 2758 recepti.

224 2775 271 2810 uec
287 2762 367 2811 multo
385 2769 443 2827 post
462 2761 526 2812 lusis
543 2775 557 2808 a
574 2761 675 2824 Papirio
689 2760 797 2810 Cursore
815 2758 970 2811 Samnitibus
987 2769 1012 2810 et
1027 2761 1075 2810 sub
1096 2761 1186 2824 iugum

223 2828 310 2876 missis
316 2829 474 2892 receptisque
481 2827 603 2876 sescentis
610 2827 736 2890 equitibus
743 2827 872 2886 Romanis,
882 2828 925 2890 qui
936 2827 1036 2878 obsides
1046 2827 1097 2876 dati
1104 2834 1185 2886 erant,

224 2893 307 2958 pudor
319 2893 407 2956 llagitii
419 2894 510 2958 prioris
522 2893 631 2942 abolitus
644 2901 692 2944 est.
714 2893 792 2944 tribus
805 2893 870 2944 duaa
882 2894 995 2944 adiectae
1006 2903 1073 2953 suut,
1087 2892 1185 2944 Oufen-

224 2960 277 3009 tiua
295 2966 320 3008 et
331 2959 445 3012 Falerna.
470 2957 565 3010 Suessa
586 2966 611 3007 et
626 2959 717 3008 Pontia
729 2959 843 3009 coloniae
856 2961 979 3012 deductae
989 2969 1058 3012 sunt.
1083 2961 1184 3026 Appius

224 3026 346 3078 Claudius
359 3039 450 3074 censor
461 3039 551 3089 aquam
559 3023 691 3076 Claudiam
703 3026 829 3090 perduxit,
846 3028 913 3076 vlam
927 3029 1015 3078 stravit
1026 3027 1185 3092 quaeAppiu

223 3103 312 3143 vocate
326 3100 377 3154 est,
396 3092 568 3141 libertinorum
586 3091 652 3142 illios
670 3092 695 3141 in
708 3102 824 3142 senatum
836 3093 909 3158 legit:
928 3095 1049 3158 ideoque,
1063 3095 1185 3157 quoniam

223 3163 246 3210 is
259 3160 320 3210 ordo
333 3160 445 3224 indignis
463 3159 609 3222 inquinatus
621 3160 767 3221 videbatur,
788 3161 917 3222 sequentis
934 3161 995 3210 anui
1007 3161 1125 3211 consules
1138 3161 1184 3209 ob·

224 3236 403 3291 servavemnt,
426 3226 638 3290 quemadmodum
656 3236 715 3278 aute
731 3228 860 3292 proximus
879 3242 999 3278 censores
1021 3227 1113 3278 iuerat.
1141 3241 1184 3276 res

226 3301 355 3358 praeterea
367 3302 455 3343 contra
464 3292 561 3359 Apulos
574 3294 694 3344 Etruscos
707 3304 732 3343 et
743 3294 851 3345 Umbros
865 3304 889 3344 et
897 3295 998 3346 Marsos
1011 3303 1036 3344 et
1047 3294 1184 3359 Paelignos

226 3368 250 3408 et
262 3363 365 3424 Aequos
378 3372 403 3410 et
415 3360 555 3421 Samnites,
569 3362 660 3422 quibus
674 3361 764 3410 foedus
776 3361 920 3411 restitutum
934 3371 985 3424 est,
1003 3376 1125 3426 prospere
1136 3375 1182 3425 ge·

226 3431 279 3474 stas
291 3427 411 3479 continet.
437 3427 481 3477 Cn.
495 3427 595 3475 Flavius
608 3427 703 3489 scriba,
715 3427 833 3476 libertino
845 3433 916 3493 patre
928 3439 1016 3489 natus,
1035 3427 1125 3477 aedilis
1138 3441 1184 3476 cu-
1253 3429 1254 3480 l

225 3489 288 3541 aulis
300 3490 357 3553 luit,
369 3507 414 3558 per
424 3492 548 3542 larensem
561 3492 694 3572 factionem
701 3503 813 3552 creatua3
827 3509 955 3558 quaecum
964 3495 1064 3544 comitia
1077 3503 1101 3543 et
1113 3508 1181 3542 carru
1253 3529 1254 3566 n
