2542 3956
309 234 402 276 nmen
417 234 507 276 mn.
523 233 593 278 ose.
608 223 636 277 3.
651 224 678 278 4.
695 215 735 296 [a.
753 219 788 279 G.
804 215 866 298 211]
1007 223 1069 286 321

104 381 307 462 singulorum,
325 400 397 462 quas
413 381 568 461 praesidiis
584 380 735 443 clientium
758 399 969 463 servorumque
982 393 1067 446 tuen·

104 475 167 536 tur,
184 485 251 527 cum
266 484 381 527 summo
393 473 489 526 vestro
500 464 643 544 periculo,
655 465 706 524 sed
720 472 811 527 tutam
823 465 938 528 habetis
949 486 982 528 ae
993 468 1068 529 libe·

104 568 183 610 ram.
221 549 335 611 clausos
358 551 454 610 omnis
474 550 634 609 incuriam
662 549 801 628 accipite,
825 549 912 620 solos,
932 552 1065 615 inermis.
1078 560 1100 612 a·

104 651 165 694 nec
180 634 336 714 quicquam
351 635 457 712 raptim
477 639 527 694 aut
541 632 616 694 forte
629 639 743 693 temere
759 635 893 711 egeritis;
916 633 953 694 de
968 636 1068 714 singu·

103 715 205 778 lorum
227 718 323 797 capite
344 716 427 778 vobis
453 718 499 777 ius
522 717 686 777 sententiae
715 715 857 779 dicendae
889 718 1010 789 faciam,-
1036 727 1069 780 ut

103 818 181 880 quas
196 801 319 880 quisque
334 803 457 862 meritus
471 809 517 862 est
528 818 640 879 poenas
653 799 772 879 pendat.
810 801 863 861 sed
886 810 954 863 ante
968 804 1067 864 omnia
1080 811 1097 859 1

103 886 149 944 ita
170 902 221 944 vos
240 885 303 944 irae
324 883 478 962 indulgere
500 892 631 963 oportet,
653 891 686 944 ut
707 885 854 962 potiorem
875 887 921 946 ira
943 884 1066 948 salntem

106 976 198 1046 atque
209 966 362 1029 utilitatem
376 976 503 1029 vestram
517 967 659 1030 habeatis.
693 969 802 1029 etenim
819 968 888 1037 bos,
906 978 939 1030 ut
952 972 1066 1050 opinor,

103 1052 209 1112 odistis
225 1059 393 1122 senatores,
407 1070 467 1113 non
480 1053 746 1131 senatum-omnino
761 1052 873 1113 babere
889 1070 949 1114 non
965 1053 1066 1114 voltis:

103 1137 216 1215 qnippe
227 1142 278 1196 aut
289 1153 356 1207 rex,
373 1136 452 1215 quod
463 1134 707 1205 abominandum,
719 1143 783 1206 aut,
799 1135 877 1216 quod
890 1155 981 1198 unum
992 1135 1066 1198 libe-
1079 1141 1095 1192 5

103 1237 158 1279 rae
174 1219 297 1279 civitatis
311 1218 467 1280 consilium
484 1226 542 1288 est,
564 1227 682 1280 senatus
703 1218 857 1281 habendus
878 1229 932 1281 esi
967 1223 1066 1300 itaque

103 1302 182 1362 duae
198 1320 246 1362 res
260 1301 347 1362 simul
363 1298 494 1381 agen'dae
504 1301 587 1363 vobis
598 1310 679 1372 sunt,
696 1308 730 1362 nt
744 1311 774 1363 et
788 1310 917 1364 veterem
932 1313 1067 1365 senatum

104 1384 216 1446 tollatis
224 1392 367 1446 etnorum
373 1386 525 1465 coaptetis.
550 1383 772 1464 citarisingulos
783 1395 935 1448 senatores
949 1386 1067 1458 iubebo,
1079 1395 1096 1445 d

38 1483 43 1496 “
105 1468 145 1529 de
159 1487 284 1548 quornm
301 1470 396 1548 capite
410 1487 461 1531 ros
475 1469 643 1539 consulam;
666 1469 744 1551 quod
761 1470 797 1531 de
814 1489 930 1550 quoque
945 1489 1068 1531 censue·

68 1605 71 1618 .
105 1554 189 1622 ritis,
206 1553 265 1613 det.
297 1551 350 1614 sed
369 1555 452 1633 prius
466 1555 498 1615 in
518 1556 581 1615 elus
596 1553 693 1614 locum
707 1554 801 1614 virum
816 1554 922 1615 lortem
941 1571 975 1615 ac
990 1563 1067 1616 stre·

104 1655 199 1698 nuum
213 1655 320 1698 novum
337 1645 503 1699 senatorem
519 1637 709 1717 cooptabitis,
733 1656 821 1718 quam
842 1637 879 1698 de
895 1639 983 1699 noxio
997 1657 1065 1718 sup·

104 1720 227 1800 plicinm
246 1729 408 1782 sumatur.“
438 1722 508 1782 inde
524 1723 670 1792 consedit,
686 1731 716 1782 et
729 1721 897 1782 nominibus
910 1723 943 1782 in
958 1729 1091 1783 urnamt

104 1806 248 1865 coniectis
262 1806 348 1864 citari
362 1805 440 1884 quod
455 1807 584 1885 primum
598 1813 678 1866 sorte
697 1823 807 1866 nomen
828 1805 935 1866 excidit
955 1807 1066 1884 ipsum·

105 1906 165 1966 que
181 1905 197 1946 e
212 1889 293 1948 curia
304 1887 429 1967 produci
443 1889 535 1950 iussit.
559 1887 611 1949 ubi
623 1887 752 1949 auditum
766 1895 810 1948 est
821 1907 939 1959 nomen,
956 1889 1095 1950 malama

106 1979 137 2032 et
149 1969 308 2050 inprobum
322 1988 378 2051 pro
394 1989 426 2032 se
440 1974 564 2052 quisque
578 1970 707 2032 clamare
723 1978 753 2030 et
774 1971 917 2050 supplicio
934 1971 1065 2050 dignum.

106 2063 168 2116 tum
189 2055 346 2116 Pacuvius:
369 2054 494 2126 „videm
518 2073 593 2135 quae
617 2055 654 2115 de
677 2054 735 2114 hoc
754 2056 899 2115 sententia
920 2055 972 2114 sita
999 2055 1094 2117 datan

105 2141 196 2217 igitur
207 2156 262 2217 pro
274 2137 350 2198 malo
362 2147 450 2216 atque
460 2136 587 2216 inprobo
598 2137 709 2198 bonum
715 2146 882 2198 senatorem
891 2140 1067 2200 etiustum.“

105 2223 202 2302 primo
222 2220 370 2281 silentium
390 2229 455 2294 erat
474 2222 574 2300 inopia
595 2221 718 2300 potioris
739 2220 920 2292 subiciundi;
948 2221 1062 2293 deinde,
1076 2229 1110 2280 io

106 2324 175 2367 cum
184 2302 287 2383 aliquis
293 2306 401 2364 omissa
407 2304 584 2365 verecundia
595 2307 762 2384 quempiam
771 2306 959 2376 nominasset,
972 2305 1065 2367 multo

108 2389 202 2450 maior
213 2386 360 2465 extemplo
371 2386 482 2449 clamor
493 2388 657 2458 oriebatur,
674 2407 741 2449 cum
751 2386 801 2448 alii
812 2397 956 2466 negarent
966 2407 1063 2458 nosse,
1077 2395 1107 2446 11

108 2471 157 2534 alii
171 2488 250 2532 nunc
263 2470 388 2550 probra,
411 2489 491 2532 nunc
506 2471 698 2533 bumilitatem
713 2471 921 2550 sordidamque
934 2473 1065 2553 inopiam

108 2562 138 2616 et
152 2555 308 2634 pudendae
320 2556 392 2616 artis
403 2563 453 2616 aut
465 2563 603 2636 quaestus
614 2573 707 2634 genus
719 2554 881 2616 obicerent.
904 2556 961 2616 hoc
972 2555 1064 2616 multo
1075 2561 1109 2611 1²

108 2641 201 2718 magis
214 2640 244 2698 in
259 2639 389 2699 seeundo
405 2657 440 2700 ac
457 2641 544 2701 tertio
566 2641 653 2700 citato
674 2648 812 2701 senatore
829 2639 1015 2710 estfactum,
1033 2649 1067 2700 ut

7 2761 8 2766 κ
108 2726 201 2804 ipsius
216 2723 368 2803 paenitere
388 2722 523 2785 homines
544 2732 715 2803 appareret,
739 2741 828 2802 quem
842 2730 940 2783 autem
956 2724 987 2783 in
1003 2724 1066 2784 eius

108 2808 320 2871 substituerent
338 2805 452 2878 locum,
473 2806 589 2878 deesse,
611 2809 678 2887 qnia
704 2825 760 2868 nec
780 2807 899 2868 eosdem
916 2809 1064 2868 nominari
1075 2813 1110 2866 ta

108 2892 272 2961 adtinebat,
293 2889 367 2951 nibil
387 2889 465 2952 aliud
487 2909 575 2972 mam
591 2891 628 2952 ad
643 2891 788 2953 audienda
803 2891 914 2971 probra
929 2893 1065 2952 nomina-

108 2983 168 3045 tos,
191 2984 220 3034 et
234 2972 327 3034 multo
348 2975 521 3036 humiliores
542 2974 787 3056 obscurioresque
803 2977 895 3036 ceteri
910 2982 995 3036 erant
1012 2976 1064 3041 eis,

109 3059 159 3136 qui
172 3058 260 3136 primi
273 3060 434 3119 memoriae
449 3059 654 3120 occurrebant.
682 3062 722 3120 ita
738 3057 829 3119 dilabi
843 3058 993 3128 homines,
1009 3073 1061 3116 no·
1076 3064 1107 3114 11

109 3142 253 3202 tissimum
265 3139 401 3218 qnodque
413 3140 522 3200 malum
532 3158 668 3201 maxume
683 3139 836 3201 tolerabile
848 3139 980 3200 dicentes
990 3157 1063 3209 esse,

110 3225 307 3302 iubentesque
321 3229 455 3283 senatum
472 3241 508 3284 ex
524 3223 656 3284 custodia
671 3223 787 3284 dimitti.

169 3306 217 3368 lv.
245 3307 307 3368 lloc
322 3305 410 3365 modo
423 3306 566 3367 Pacuvius
577 3323 644 3366 oum
659 3307 819 3368 obnoxium
833 3308 908 3368 ritae
919 3306 1062 3369 beneficio
1076 3314 1087 3366 1

109 3401 242 3455 senatum
259 3388 351 3450 multo
361 3388 417 3449 sibi
430 3391 524 3469 magis
539 3409 627 3471 quam
643 3390 723 3470 plebi
738 3390 869 3459 lecisset,
879 3391 950 3452 sine
964 3393 1062 3462 armis,

110 3482 168 3540 iam
186 3473 323 3538 omnibus
340 3473 569 3536 concedentibus
586 3472 800 3536 dominabatur.
829 3473 898 3535 hinc
912 3483 1094 3537 senatores2

152 3593 177 3628 r.
191 3593 253 3628 nm
266 3587 334 3627 rana
347 3587 382 3623 11,
815 3562 854 3625 21
