2546 3936
352 193 448 238 nmen
460 193 505 238 rx.
520 193 590 240 aaa.
606 184 633 241 9.
650 184 692 240 10.
709 175 750 260 [a.
767 180 803 244 0.
818 178 882 264 ³20]
1036 188 1099 254 1⁰³

138 338 319 404 utillimam
339 349 455 421 partam
475 343 627 404 victoriam
643 344 721 406 male
735 344 942 425 perdiderunt,
965 348 1035 410 dum
1050 351 1099 412 vix

136 423 225 496 locis,
246 425 353 504 quibus
373 427 519 498 vicerant,
541 427 680 498 credunt,
703 428 773 488 dum
793 448 977 511 quacumque
995 433 1097 494 condi-

136 509 221 570 cione
245 526 327 570 arma
344 510 415 571 viris
434 511 464 570 in
486 528 568 571 arma
591 512 668 572 natis
682 512 799 572 auferre
819 514 968 576 festinant.
999 535 1050 587 an,
1071 518 1098 578 si
1107 524 1142 576 ta

136 610 208 654 sana
224 609 308 651 mens
325 591 441 665 fuisset,
467 593 585 654 difficile
599 594 657 654 illis
672 595 741 665 fuit,
764 596 834 657 dum
855 615 941 658 senes
956 598 993 659 ab
1009 600 1097 660 domo

135 676 173 736 ad
189 675 413 738 consultandum
429 685 599 748 accersunt,
614 679 733 738 mittere
743 679 866 740 Romam
881 680 1014 759 legatos?
1029 701 1098 744 cum

134 767 253 828 senatu,
270 777 339 820 cum
355 760 464 838 populo
482 761 518 821 de
533 779 607 840 pace
623 779 658 822 ac
673 760 793 822 foedere
807 766 913 841 ageret
936 765 1027 826 tridui
1041 768 1099 826 iter
1107 774 1140 827 la

136 841 280 919 expeditis
300 851 378 912 erat;
401 845 516 906 interea
537 846 569 905 in
589 845 710 906 indutiis
728 841 777 906 res
799 846 917 918 fuisset,
941 848 1042 918 donec
1059 849 1096 910 ab

134 923 228 986 Roma
240 924 330 1002 legati
340 934 390 987 aut
400 928 553 990 victoriam
564 927 623 989 illis
634 937 746 990 certam
757 937 808 990 aut
818 948 921 1008 pacem
934 931 1096 993 adferrent.

135 1025 172 1068 ea
188 1006 305 1068 demum
321 1011 439 1088 sponsio
456 1021 546 1082 esset,
569 1031 655 1091 quam
677 1011 780 1091 populi
794 1013 875 1076 iussu
889 1015 1097 1093 spopondisse·

132 1109 211 1152 mus.
242 1092 294 1152 sed
315 1111 411 1172 neque
426 1114 477 1156 vos
499 1095 654 1165 tulissetis,
675 1113 731 1156 nec
749 1113 803 1156 nos
823 1099 1091 1176 spopondissemus,
1107 1104 1140 1156 14

133 1192 191 1236 nec
206 1175 250 1234 fas
271 1175 328 1235 fuit
341 1176 431 1238 adum
445 1196 546 1238 rerum
562 1181 673 1238 exitum
691 1197 770 1249 esse,
794 1197 882 1258 quam
904 1189 937 1242 ut
957 1181 998 1240 illi
1019 1181 1098 1242 velut

133 1259 251 1318 somnio
265 1258 400 1330 laetiore,
417 1280 505 1338 quam
517 1261 596 1340 quod
605 1269 720 1321 mentes
731 1280 836 1322 eorum
846 1279 952 1342 capere
964 1273 1093 1342 possent,

131 1343 310 1421 nequiquam
322 1342 521 1414 eluderentur,
533 1353 563 1404 et
574 1352 707 1404 nostrum
719 1346 880 1406 exercitum
893 1347 1004 1416 eadem,
1017 1365 1092 1425 quae
1105 1353 1138 1404 15

132 1424 313 1502 inpedierat,
331 1426 449 1487 fortuna
464 1427 630 1505 expediret,
649 1445 753 1487 vanam
765 1429 917 1487 victoriam
933 1431 1034 1488 vanior
1048 1431 1094 1488 in·

131 1509 222 1567 ritam
237 1508 350 1569 faceret
362 1528 433 1588 pax,
451 1512 570 1589 sponsio
584 1513 839 1590 interponeretur,
856 1530 930 1588 quae
945 1514 1093 1571 neminem

130 1597 252 1670 praeter
266 1610 440 1669 sponsorem
452 1593 603 1670 obligaret.
634 1594 704 1673 quid
720 1595 799 1654 eninr
811 1593 975 1665 vobiscum,
992 1604 1091 1673 patres
1104 1600 1140 1652 lo

132 1676 308 1752 conscripti,
327 1676 397 1753 quid
410 1694 477 1738 cum
491 1675 600 1756 populo
612 1677 745 1738 Romano
762 1685 859 1737 actum
876 1678 936 1737 esti
965 1679 1030 1755 quis
1043 1695 1094 1736 vos

131 1757 281 1836 appellare
296 1766 408 1836 potest,
433 1761 498 1837 quis
512 1779 544 1820 se
560 1779 576 1819 a
590 1760 673 1820 vohis
689 1760 788 1820 dicere
804 1759 978 1839 deceptum?
1000 1760 1093 1820 hostis

132 1858 172 1900 an
189 1841 277 1900 civis?
300 1842 378 1902 hosti
400 1842 475 1902 nihil
497 1843 709 1922 spopondistis,
733 1845 826 1903 civem
841 1844 989 1903 neminem
1003 1861 1093 1920 spon·

133 1923 205 1984 dere
219 1941 274 2001 pro
288 1925 370 1986 vobis
382 1927 515 1986 iussistis.
538 1925 611 1985 nihil
624 1944 695 2004 ergo
708 1925 790 1985 vobis
805 1943 861 1986 nec
871 1919 1024 1985 nobiscum
1038 1932 1090 1995 est,
1102 1931 1135 1982 17

132 2005 240 2086 quibus
255 2006 328 2065 nihil
342 2009 516 2079 mandastis,
534 2027 672 2069 naccum
690 2008 884 2078 Samnitibus,
902 2026 969 2068 cum
987 2007 1093 2085 quibus

130 2087 206 2153 nihil
213 2090 323 2165 egistis.
344 2092 523 2152 Samnitibus
534 2109 694 2170 sponsores
705 2109 866 2152 nossumus
875 2092 919 2149 rei
926 2093 995 2150 satis
1007 2089 1087 2151 locu·
1100 2094 1134 2147 18
1235 2140 1237 2146 ,

128 2171 225 2254 pletes
240 2173 321 2242 inid,
340 2175 418 2252 qnod
429 2183 562 2234 nostrum
574 2185 626 2245 est,
643 2174 724 2243 inid,
738 2173 815 2251 quod
826 2181 977 2250 praestare
988 2191 1092 2250 passu·
1129 2226 1131 2231 .

68 2267 70 2270 ’
128 2274 211 2326 mus,
231 2273 357 2334 corpora
368 2267 468 2318 nostra
485 2264 516 2316 et
527 2259 655 2318 animos:
672 2259 704 2317 in
715 2257 789 2316 haec
806 2257 949 2324 saeviant,
973 2257 1005 2314 in
1020 2256 1093 2314 haec

128 2339 253 2409 ferrum,
269 2341 300 2398 in
312 2339 385 2400 haec
400 2342 460 2400 iras
471 2347 587 2400 acuant.
609 2337 688 2418 quod
700 2339 737 2399 ad
748 2337 883 2398 tribunos
895 2339 1006 2406 attinet,
1020 2342 1136 2397 oon-19

128 2421 226 2492 sulite,
237 2431 337 2484 utrum
348 2441 489 2501 praesens
502 2422 610 2483 deditio
623 2440 726 2482 eorum
738 2422 803 2482 fieri
812 2422 913 2500 possit,
926 2439 963 2480 an
974 2422 1004 2478 in
1015 2419 1094 2479 diem

130 2505 299 2566 differatur:
319 2524 373 2566 nos
386 2508 521 2576 interim,
534 2507 568 2567 T.
578 2507 680 2567 Veturi
691 2523 800 2584 vosque
816 2504 921 2572 ceteri,
938 2502 1004 2562 vilia
1019 2501 1093 2562 haec

130 2590 227 2667 capita
246 2587 373 2650 luendae
390 2591 556 2668 sponsionis
570 2590 715 2659 feramus,
738 2595 768 2648 et
783 2595 884 2648 nostro
900 2585 1044 2665 supplicio
1058 2583 1093 2643 li·

128 2670 269 2742 beremus
290 2671 422 2732 Romana
445 2681 558 2734 arma.“
607 2672 644 2734 X.
682 2673 771 2732 Movit
790 2678 889 2749 patres
911 2669 1121 2745 conscriptosl

129 2773 199 2816 cum
216 2773 303 2816 cansa
321 2765 383 2816 tum
404 2765 522 2824 auctor,
545 2772 601 2814 nec
619 2764 734 2815 ceteros
754 2753 863 2823 solum,
885 2751 938 2812 sed
958 2750 1094 2812 tribunos

131 2839 220 2897 etiam
245 2837 358 2917 plebei,
385 2846 418 2898 ut
443 2855 475 2898 se
500 2838 532 2896 in
558 2845 676 2897 senatus
698 2837 833 2897 dicerent
852 2836 917 2896 fore
933 2841 1091 2914 potestate.
1155 2853 1156 2859 ¹

130 2921 305 2994 magistratu
318 2921 388 2981 inde
402 2938 434 2981 se
446 2918 592 2998 extemplo
605 2919 827 2990 abdicaverunt,
839 2920 997 2997 traditique
1010 2917 1122 2992 felia-2

131 2999 210 3061 libus
226 3019 293 3061 cum
309 3006 415 3064 ceteris
430 3003 572 3065 Caudium
588 3000 723 3064 ducendi.
754 3003 811 3063 hoo
825 3010 943 3062 senatus
959 2997 1093 3059 consulto

131 3081 211 3144 facto
231 3083 282 3144 lux
297 3086 437 3162 quaedam
460 3085 614 3148 adfulsisse
633 3085 744 3144 civitati
761 3085 821 3145 visa
843 3091 896 3143 est.
924 3081 1122 3144 Postumiusd

130 3167 163 3228 in
179 3185 232 3228 ore
242 3174 326 3238 ⁴erat,
348 3187 416 3231 eum
430 3169 566 3230 laudibus
583 3167 619 3229 ad
633 3166 747 3227 caelum
772 3165 921 3233 ferebant,
943 3163 1093 3223 devotioni

129 3251 164 3313 Ρ.
176 3251 259 3312 Decii
271 3253 413 3325 consulis,
426 3253 490 3314 aliis
503 3251 590 3314 claris
601 3248 783 3311 facinoribus
794 3246 972 3327 aequabant:
997 3252 1122 3324 emer-d

130 3336 204 3396 sisse
226 3335 373 3397 civitatem
397 3355 434 3396 ex
454 3335 581 3397 obnoxia
600 3350 674 3414 pace
697 3329 776 3392 illius
796 3325 918 3391 consilio
939 3335 1090 3409 elopem:

130 3418 229 3500 Qum
238 3430 273 3481 'se
285 3417 465 3480 cruciatibus
474 3427 504 3481 et
517 3419 646 3480 hostium
656 3417 720 3478 irae
729 3415 836 3477 offerre
849 3411 1021 3495 piaculaque
1035 3429 1092 3492 pro
