2542 3956
188 232 248 294 292
323 245 416 287 ursan
431 245 507 288 xxm.
524 242 591 286 oar.
609 230 653 282 34.
671 230 715 283 35.
731 220 770 304 [a.
785 245 816 286 u.
832 245 858 285 c.
869 229 930 306 537.
945 223 1008 306 538]

187 394 329 463 ciliatum,
346 392 382 453 ab
395 393 429 464 Q.
446 391 518 454 Fabi
528 392 633 472 opibus
647 399 676 451 et
690 391 843 451 dictatorio
858 393 984 470 imperio
999 408 1150 452 concusso
1245 427 1246 430 =

187 477 281 538 aliena
295 477 402 537 invidia
414 476 633 555 splendentem,
651 474 753 554 volgus
768 482 799 536 et
812 475 968 535 extrahere
984 474 1020 534 ad
1037 491 1150 535 consu·
1247 547 1248 558 χ

186 560 277 624 latum
292 559 453 630 nitebatur,
476 568 576 638 patres
589 577 703 620 summa
730 575 786 638 ope
806 556 975 628 obstabant,
998 575 1037 618 ne
1053 577 1086 620 se
1099 561 1150 618 iu·

162 644 328 705 esectando
344 645 400 704 sibi
421 644 541 721 aequari
558 643 766 704 adsuescerent
784 641 929 702 homines.
966 641 1000 712 Q.
1017 641 1150 702 Baebius

187 729 354 789 Herennius
378 726 644 805 tribunusplebis,
668 732 810 804 cognatus
834 726 865 787 G.
889 725 1022 795 Terenti,
1045 727 1150 786 crimi-
1248 719 1249 784 l

188 810 285 872 nan‘do
300 829 359 870 non
375 818 507 872 senatum
522 811 610 872 modo
625 809 677 870 sed
692 811 779 870 etiarn
795 825 935 885 augures,
959 807 1038 888 quod
1053 808 1150 869 dicta·
1248 809 1249 834 ¹

187 902 282 956 torem
296 892 516 972 prohibuissent
527 895 643 954 comitia
658 894 812 973 perlicere,
827 910 882 971 per
892 893 1030 953 invidiam
1042 910 1149 953 eorum
1248 879 1249 932 ἶ

159 978 316 1038 llavorem
342 977 495 1039 candidato
519 994 573 1038 suo
595 976 782 1038 conciliabat:
809 975 845 1036 ab
865 976 1035 1036 bominibus
1061 975 1149 1036 nobi·

188 1060 265 1120 libus
288 1078 342 1139 per
364 1060 471 1121 multos
484 1078 578 1122 annos
598 1059 709 1121 bellum
728 1059 937 1140 quaerentibus
951 1059 1150 1120 Hannibalem

187 1145 218 1203 iu
243 1142 353 1203 ltaliam
376 1143 549 1214 adductum
576 1143 612 1205 ab
634 1143 743 1214 isdem,
774 1161 842 1204 cum
869 1142 1011 1204 debellari
1043 1145 1149 1221 possit,

160 1225 290 1288 ofraude
316 1225 425 1288 bellum
452 1229 538 1289 trabi.
575 1245 643 1288 curn
674 1234 811 1306 quattuor
844 1225 954 1307 [milia]
980 1226 1151 1305 legionibus

188 1311 331 1372 universis
362 1314 486 1390 pugnari
519 1329 605 1390 posse
628 1312 812 1391 apparuisset
839 1329 891 1381 eo,
931 1310 1009 1388 quod
1033 1311 1072 1371 M.
1095 1311 1150 1372 Mi·

160 1395 292 1456 dnucius
311 1393 432 1456 absente
453 1395 543 1456 Fabio
563 1413 706 1474 prospere
727 1402 899 1472 pugnasset,
922 1395 994 1454 duas
1013 1393 1152 1470 legiones

187 1479 265 1539 hosti
280 1477 316 1540 ad
337 1478 456 1539 caedem
474 1478 617 1556 obiectas,
641 1478 748 1538 deinde
771 1497 807 1538 ex
828 1479 891 1556 ipsa
907 1478 997 1538 caede
1019 1485 1150 1556 ereptas,
1250 1483 1251 1560 g

189 1569 221 1622 ut
235 1569 319 1640 pater
333 1571 532 1642 patronusque
545 1561 757 1642 appellaretur,
776 1563 825 1640 qui
842 1561 924 1640 prius
937 1563 1056 1624 vincere
1078 1579 1151 1640 pro·

161 1644 332 1705 'lbibuisset
347 1647 495 1706 Romanos
510 1664 598 1725 quarn
615 1647 700 1706 vinci.
734 1643 870 1706 consides
888 1644 995 1705 deinde
1009 1643 1152 1705 Fabianis

190 1727 315 1795 artibus,
333 1744 399 1787 cum
411 1727 559 1789 debellare
569 1737 700 1807 possent,
715 1727 825 1790 bellum
839 1731 972 1790 traxisse.
1002 1727 1030 1788 id
1044 1727 1153 1789 foedus
1251 1731 1252 1760 ³

190 1812 268 1870 inter
284 1827 387 1870 omnes
403 1810 510 1870 nobilis
523 1813 623 1884 ictum,
641 1830 697 1874 nec
711 1813 799 1874 finem
815 1820 883 1874 ante
898 1811 967 1872 belli
985 1812 1151 1882 babituros,

189 1912 276 1973 quam
299 1893 448 1954 consulem
470 1913 538 1955 vere
557 1895 719 1974 plebeium,
747 1895 777 1956 id
802 1904 848 1957 est
864 1897 1012 1956 hominem
1029 1913 1151 1966 novum,

161 1977 340 2040 eiecissent:
362 1995 430 2041 uam
449 1977 581 2057 plebeios
600 1979 715 2041 nobiles
734 1978 791 2040 iam
811 1979 922 2041 eisdem
937 1981 1067 2040 initiatos
1084 1997 1152 2040 esse

190 2064 282 2121 sacris
306 2071 336 2122 et
355 2069 544 2123 contemnere
565 2061 695 2141 plebem,
718 2081 754 2123 ex
771 2082 830 2143 quo
851 2064 1000 2124 contemni
1013 2062 1153 2140 patribus

164 2144 350 2218 adesieriut,
372 2147 512 2224 coepisse.
547 2149 595 2206 cui
615 2165 675 2206 non
696 2144 756 2227 [id]
782 2164 926 2225 apparere
946 2145 975 2206 id
999 2153 1099 2206 actum
1122 2155 1153 2208 et
1252 2143 1253 2154 ’

190 2230 354 2305 quaesitum
376 2247 455 2298 esse,
479 2235 511 2289 ut
535 2230 738 2308 interregnum
756 2230 895 2300 iniretur,
923 2231 1005 2291 utin
1028 2238 1151 2308 patrum
1239 2282 1243 2290 .

149 2317 182 2368 to
190 2319 333 2390 potestate
345 2313 463 2374 comitia
477 2314 592 2374 essent?
621 2313 651 2373 id
667 2312 802 2373 consules
816 2312 918 2374 ambos
933 2313 969 2373 ad
984 2315 1151 2374 exercitum

190 2396 333 2456 morando
345 2398 505 2475 quaesisse;
521 2397 551 2456 id
565 2407 682 2476 postea,
699 2399 765 2474 quia
776 2397 874 2457 invitis
885 2398 921 2457 iis
933 2397 1059 2458 dictator
1071 2408 1154 2459 esset

191 2479 286 2540 dictus
301 2480 486 2540 comitiorum
512 2498 613 2550 causa,
638 2488 835 2558 expugnatum
862 2498 940 2550 esse,
967 2487 1000 2540 ut
1025 2481 1152 2542 dilusus

150 2567 179 2619 11
192 2563 316 2625 dictator
327 2581 514 2642 peraugures
524 2564 616 2625 lieret.
637 2563 748 2624 babere
761 2565 850 2641 igitur
864 2564 1068 2641 interregnum
1080 2583 1152 2637 eos;

192 2647 373 2710 consulatum
393 2666 483 2708 unum
497 2656 577 2709 certe
589 2646 683 2728 plebis
701 2646 851 2708 Romanae
863 2665 942 2718 esse,
961 2654 990 2707 et
1006 2647 1151 2726 populum

190 2729 316 2791 liberum
339 2731 508 2793 habitumm
534 2750 568 2792 ac
596 2731 731 2793 daturum
754 2732 797 2802 ei,
824 2732 875 2811 qrri
894 2739 1009 2792 mature
1029 2731 1152 2793 vincere

191 2831 278 2891 quam
295 2813 345 2873 diu
359 2815 507 2890 imperare
522 2814 613 2876 malit.

166 2904 178 2954 1
252 2895 365 2956 XXXV.
397 2897 469 2958 Cum
482 2898 529 2958 his
544 2897 726 2958 orationibus
740 2917 863 2960 accensa
878 2899 963 2979 plebs
980 2907 1072 2969 esset,
1096 2900 1152 2960 tri·

192 2979 247 3040 bus
261 2980 392 3059 patriciis
407 2980 589 3057 petentibus,
611 2981 643 3041 P.
665 2981 800 3043 Cornelio
824 2983 965 3045 Merenda
986 2983 1019 3043 L.
1039 2982 1151 3044 Manlio

164 3061 317 3125 2Volsoue
339 3063 377 3124 M.
398 3063 520 3124 Aemilio
543 3064 668 3145 Lepido,
691 3064 803 3128 duobus
823 3066 971 3130 nobilibus
988 3068 1047 3126 iarn
1064 3066 1151 3128 lami·

192 3147 296 3206 liarum
314 3146 426 3225 plebei,
449 3149 480 3210 C.
497 3149 583 3210 Atilio
600 3150 729 3210 Serrano
746 3151 825 3223 etQ.
844 3150 925 3213 Aelio
941 3151 1046 3221 Paeto,
1074 3169 1151 3228 quo·

191 3248 258 3290 rum
273 3230 347 3290 alter
362 3232 507 3309 pontifex,
524 3233 598 3293 alter
613 3252 707 3312 augur
726 3242 802 3305 erat,
824 3235 855 3296 G.
871 3235 1028 3295 Terentius
1045 3232 1151 3293 consul

192 3329 268 3372 nnus
291 3322 421 3384 creatur,
444 3318 528 3376 utin
551 3335 638 3377 manu
661 3319 723 3377 eius
751 3325 849 3379 essent
876 3319 993 3378 comitia
1015 3316 1150 3394 rogando

165 3392 343 3469 aconlegae.
380 3403 442 3456 tum
464 3407 583 3477 experta
603 3400 740 3460 nobilitas
757 3419 860 3478 parum
883 3401 972 3461 luisse
993 3401 1101 3461 virium
1118 3401 1149 3459 in

194 3476 424 3551 conpetitoribus
447 3481 523 3549 eius,
549 3480 583 3541 L.
604 3481 757 3546 Aemilium
778 3483 914 3555 Paulum,
942 3485 993 3563 qui
1018 3501 1086 3544 cum
1110 3482 1150 3543 M.
