2538 3946
281 214 376 255 nmen
389 213 453 254 111.
471 213 540 255 cnr
555 199 596 252 59.
613 201 656 255 60.
672 201 715 253 ol.
728 191 766 275 [a.
784 196 818 258 0
833 195 895 310 tie]
1005 202 1068 266 255

110 363 207 424 maior
221 317 361 422 Romanis
379 379 465 438 quarn
479 378 534 439 pro
549 377 672 421 numero
686 361 798 422 iactura
811 361 878 432 init,
896 364 963 440 quia
979 381 1066 443 eque·

110 446 183 505 stris
195 444 306 505 ordinis
317 442 427 522 aliquot
438 450 467 503 et
482 443 593 503 tribuni
604 442 727 504 militum
742 444 872 524 quinque
882 453 912 504 et
925 447 1067 524 praefecti

110 530 261 588 sociorum
287 533 348 586 tres
374 534 443 588 sunt
462 526 619 587 interiecti.
663 528 824 588 secundum
850 545 915 589 eam
937 547 1063 626 pugnam
1079 538 1107 590 lt

109 609 289 672 Hannibal
280 628 311 669 rn
328 610 681 689 LigurespSempronius
698 610 807 671 Lucam
827 613 981 672 concessit.
1017 631 1065 672 re·

73 747 77 753 .
109 696 207 755 nienti
227 696 259 754 in
281 693 404 770 Ligures
429 692 585 755 Hannibali
608 711 664 772 per
689 695 809 754 iusidias
829 695 986 772 intercepti
1009 695 1067 756 duo

110 784 286 854 quaestores
300 777 438 846 Romani,
455 777 486 838 C.
501 777 618 837 Fulvius
633 783 663 836 et
675 776 708 837 i.
723 779 890 847 Lucretius,
911 795 978 839 cum
994 777 1066 838 duo-

109 860 170 922 bus
183 860 308 920 tribunis
323 859 448 920 militum
466 866 495 920 et
509 863 638 939 quinque
660 862 804 938 equestris
824 859 935 921 ordinis
951 867 1067 922 senato·

108 963 180 1005 rum
203 943 296 1005 ierme
312 942 426 1013 liberis,
453 962 511 1022 quo
536 945 628 1026 magis
642 951 736 1004 ratam
760 944 823 1004 lore
838 961 904 1004 cum
915 945 952 1004 iis
964 963 1066 1024 pacem

110 1029 342 1107 societatemque
357 1027 506 1096 crederet,
525 1027 689 1088 traduntur.

180 1111 239 1172 LX.
270 1111 345 1172 Dum
360 1111 435 1172 haec
448 1111 480 1170 111
494 1109 577 1171 ltalia
592 1117 749 1188 geruntur,
768 1109 820 1172 Cn.
839 1109 992 1173 Cornelius
1006 1111 1093 1172 Sci-1

108 1197 161 1275 pio
178 1196 210 1253 in
229 1193 398 1272 Hispaniam
420 1211 488 1253 oum
501 1192 601 1267 classe
621 1201 651 1254 et
665 1195 795 1254 exercitu
816 1194 921 1256 missus
943 1212 1010 1255 curn
1031 1190 1097 1255 abt

110 1276 1068 1356 ostioRbodaniproiectusPyrenaeosquemontescircumvectus

109 1362 259 1438 Emporiis
275 1359 434 1437 adpulisset
451 1358 586 1430 classem,
606 1362 736 1439 exposito
750 1359 792 1420 ibi
807 1363 938 1437 exercitu
953 1379 1037 1422 orsus
1051 1368 1096 1422 aa

109 1445 265 1504 Lacetanis
282 1459 400 1504 omnem
416 1461 498 1504 oram
513 1461 607 1521 usque
624 1443 665 1507 ad,
676 1443 819 1506 Hiberum
833 1443 944 1505 tlumen
960 1445 1071 1521 partim

109 1527 289 1588 renovandis
303 1526 490 1587 societatibus
500 1528 607 1606 partim
622 1529 704 1588 novis
718 1527 905 1588 instituendis
918 1526 1067 1588 Romanae

111 1611 237 1672 dicionis
256 1610 334 1671 iecit.
369 1611 438 1670 inde
459 1609 612 1671 conciliata
631 1614 649 1652 ²¹²
671 1609 900 1691 clementiaeque
916 1610 992 1671 lama
1008 1619 1095 1671 nons

111 1695 149 1756 ad
164 1695 326 1756 maritimos
344 1693 432 1755 modo
446 1693 584 1774 populos,
603 1694 697 1756 sedin
712 1695 936 1755 mediterraneis
951 1712 1067 1773 quoque

109 1798 145 1840 ac
171 1779 318 1838 montanis
343 1777 380 1838 ad
406 1777 567 1838 ferociores
591 1779 649 1839 iam
676 1786 778 1855 gentes
802 1779 905 1847 valnit;
932 1796 989 1838 nac
1011 1797 1068 1857 pax

109 1862 199 1924 modo
216 1861 294 1941 apud
309 1879 374 1931 eos,
398 1861 450 1922 sed
470 1863 594 1922 societas
611 1861 698 1920 etiam
720 1879 869 1922 armorum
890 1868 992 1940 parata
1015 1868 1066 1928 est

111 1945 284 2025 validaeque
304 1944 415 2023 aliquot
431 1944 605 2006 auxiliorum
620 1944 757 2004 cohortes
775 1961 812 2003 ex
828 1945 863 2003 iis
884 1945 1067 2020 conscriptae

109 2038 189 2091 sunt.
218 2029 370 2090 Hannonis
385 2029 427 2088 cis
439 2027 581 2088 Hiberum
596 2028 746 2105 provincia
763 2034 840 2094 erat;
857 2044 924 2085 eum
940 2025 1067 2123 relique·
1055 2033 1097 2082 -5

109 2121 158 2173 rat
171 2111 318 2174 Hannibal
339 2111 376 2171 ad
389 2113 519 2187 regionis
542 2112 604 2169 eius
622 2109 824 2202 praesidium.
831 2110 954 2197 itaque,
970 2111 1067 2188 prius·

110 2214 199 2274 quam
214 2194 414 2254 alienarentur
426 2194 539 2261 omnia,
556 2190 670 2253 obviam
685 2185 824 2252 eundum
825 2179 906 2254 ratus
918 2194 1045 2253 castris
1037 2210 1067 2252 m

111 2285 273 2356 conspectu
287 2277 415 2336 bostium
435 2276 565 2373 positis'
556 2293 588 2359 m
609 2275 702 2337 aciem
721 2275 829 2336 eduxit.
866 2293 921 2336 nec
934 2275 1097 2335 Romanos

111 2359 308 2422 differendum
324 2365 473 2420 certamen
487 2360 595 2428 risum,
611 2361 720 2438 quippe
737 2361 808 2440 qui
804 2361 893 2420 sciret
908 2377 975 2418 curn
989 2358 1067 2419 Han·

110 2461 189 2504 none
205 2449 234 2502 et
248 2441 429 2503 Hasdrubale
449 2441 507 2502 sibi
526 2441 724 2503 dimicandum
745 2460 823 2514 esse,
843 2441 1001 2521 malletque
1017 2441 1072 2504 ad·

111 2545 213 2588 versus
230 2524 360 2604 singulos
375 2527 532 2605 separatim
551 2545 639 2604 quam
660 2525 798 2588 adversus
812 2489 885 2586 duos
902 2525 987 2586 simul
1002 2543 1066 2585 rem
1165 2561 1167 2564 -

111 2629 226 2690 gerere.
257 2627 313 2670 nec
326 2610 425 2688 magni
440 2611 608 2670 certaminis
623 2628 657 2671 ea
669 2609 816 2670 dimicatio
831 2609 900 2669 luit:
919 2628 971 2671 sex
987 2607 1094 2670 miliat

110 2695 238 2756 hostium
252 2712 350 2764 caesa,
367 2695 424 2754 duo
440 2700 524 2773 capta
539 2711 606 2754 cum
625 2692 772 2792 praesidlo
794 2699 966 2754 castrorum.
998 2710 1067 2752 uam

111 2787 142 2840 et
157 2787 252 2840 castra
267 2785 432 2858 expugnata
446 2784 515 2837 sunt
527 2779 636 2856 atque
628 2794 692 2876 lpse
707 2777 766 2839 dux
781 2795 848 2836 curn
862 2775 971 2854 aliquot
983 2777 1065 2855 prin·

111 2853 227 2941 cipibus
242 2864 398 2942 capiuntur
412 2868 441 2922 et
456 2860 545 2922 Cissis
559 2863 735 2940 propincum
747 2863 850 2922 castris
862 2859 1001 2938 oppidum
1017 2875 1066 2920 ex-

110 2953 267 3024 pugnatur.
303 2954 435 3007 ceterum
455 2945 565 3024 praeda
578 2945 678 3024 oppidi
692 2945 775 3024 parvi
790 2945 868 3024 preti
886 2961 986 3004 rerum
1003 2942 1066 3012 init,
1077 2948 1095 2998 8

111 3027 243 3106 supellex
260 3026 414 3089 barbarica
434 3046 468 3089 ec
478 3028 576 3088 villum
589 3029 819 3124 mancipiorum;
839 3034 934 3086 castra
944 3024 1096 3085 militene

112 3111 255 3180 ditavere,
272 3128 331 3170 nen
347 3113 409 3170 eius
423 3111 511 3170 modo
532 3113 677 3170 exercitus
698 3112 749 3187 qui
763 3111 856 3168 rictus
872 3115 949 3177 erat,
971 3106 1023 3167 sed
1039 3114 1068 3166 et

113 3196 189 3263 eius,
206 3194 256 3270 qui
270 3209 338 3252 cum
352 3190 535 3252 Hannibale
527 3211 558 3251 m
573 3191 655 3252 ltalia
671 3186 830 3261 militabat,
853 3188 989 3250 omnibus
1004 3189 1067 3248 lere

113 3278 189 3338 caris
203 3275 307 3346 rebus,
325 3293 363 3336 ne
374 3292 472 3353 gram
483 3275 682 3354 inpedimenta
692 3273 854 3334 ferentibus
868 3280 979 3338 essent,
994 3273 1067 3334 citra

113 3363 295 3440 Pyrenaeum
307 3358 427 3434 relictis.

175 3444 247 3506 LXI.
282 3443 457 3522 Priusquam
479 3447 559 3520 certa
579 3439 667 3501 huius
692 3438 783 3501 cladis
813 3439 890 3502 lama
911 3438 1091 3511 acciderent
