2532 3938
206 155 245 216 48
394 133 567 207 utaentur.
583 166 650 206 cae.
669 153 692 203 l.
712 155 735 206 t.
758 141 795 224 [a.
812 168 842 204 ιι.
860 167 885 204 c.
902 149 978 225 413]Ι

170 315 241 375 aad
260 314 406 374 Satricum
422 310 549 372 adlatum
567 322 620 372 est.
651 285 932 390 utrumquebcllum
950 313 1063 371 Plautio
1079 297 1164 375 sorte
1247 313 1248 320 ἶ

81 447 84 453 .
205 399 292 457 venit.
322 398 403 474 prius
425 397 473 459 ad'
486 396 658 455 Privernum
686 395 835 474 proiectus
851 395 998 474 extemplo
1014 397 1077 456 acie
1089 415 1162 456 con·

116 503 118 508 ’
205 482 286 540 llixit.
309 479 386 539 haud
397 498 504 556 magno
517 481 678 540 certamine
693 480 798 538 devicti
809 479 924 548 hostes;
937 480 1077 557 oppidum
1090 498 1161 558 cap·

192 575 265 625 tum
281 563 487 641 redditumque
501 561 719 622 Privernatibus
743 563 889 640 praesidio
906 561 1000 629 valido
1016 564 1161 640 inposito;

168 659 188 706 4
204 650 266 726 agri
281 655 379 726 partes
393 647 467 707 duae
482 645 643 723 ademptae.
671 644 740 704 inde
751 647 844 705 victor
856 648 1002 706 exercitus
1013 647 1162 707 Satricum
1247 689 1248 702 ι

121 798 123 802 ,
168 746 170 749 ·
204 740 305 792 contra
326 732 449 790 Antiatis
472 729 586 810 ductus.
615 728 656 788 ibi
675 747 781 805 magna
801 730 948 808 utrimque
967 730 1055 789 caede
1075 736 1162 790 atrox

201 814 347 894 proelium
362 815 432 882 luit;
457 819 486 871 et
506 830 572 870 cum
589 819 747 890 tempestas
768 831 820 872 eos
833 821 938 872 neutro
952 811 1090 872 inclinata
1107 831 1161 892 spe

203 899 375 958 dimicantes
403 895 586 981 diremisset,
603 895 741 965 Romani,
767 895 839 954 nihil
861 913 896 955 eo
920 898 1081 956 certamine
1101 905 1159 956 tam

170 991 188 1041 t
202 981 341 1058 ambiguo
357 979 460 1048 lessi,'
453 995 484 1037 m
496 985 646 1056 posterum
660 979 737 1038 diem
749 977 893 1076 proelium
904 987 1018 1057 parant.
1048 978 1161 1039 Volscis

199 1061 439 1131 recensentibus
461 1080 534 1140 quos
556 1064 634 1122 viros
658 1063 690 1121 in
710 1063 776 1122 acie
807 1064 987 1132 amisissent,
1008 1062 1160 1142 haudqua-

173 1166 289 1227 quam
304 1148 382 1207 idem
395 1147 508 1206 animus
520 1145 563 1205 ad
567 1143 731 1206 iterandum
744 1145 907 1224 periculum
921 1146 988 1206 luit:
1006 1155 1091 1207 nocte
1104 1165 1160 1225 pro
1247 1205 1248 1228 ,

118 1278 121 1284 .
202 1233 285 1292 victis
302 1231 368 1292 Ant
347 1235 418 1291 tmm
434 1231 550 1307 agmine
564 1229 679 1307 trepido
698 1231 803 1289 sauciis
825 1247 858 1290 ac
877 1238 961 1307 parte
975 1229 1160 1315 inpedimen-

77 1391 79 1395 ,
170 1321 298 1376 ttorum
320 1315 422 1376 relicta
448 1313 614 1374 abierunt.-
631 1332 780 1374 armorum
804 1331 908 1390 magna
931 1315 972 1372 vis
993 1332 1059 1374 cum
1081 1311 1161 1390 inter

202 1417 286 1460 caesa
300 1400 375 1460 host
355 1407 427 1459 trum
440 1416 565 1476 corpora
580 1399 664 1457 tum
657 1416 688 1456 m
700 1399 803 1458 castris
816 1397 933 1458 inventa
946 1406 998 1457 est.
1030 1415 1062 1458 ea
1079 1385 1160 1458 Luae
1247 1411 1248 1466 t

151 1544 165 1560 ,
200 1477 289 1569 matri
310 1483 382 1543 dare
404 1501 435 1540 se
456 1480 558 1541 consul
582 1480 669 1551 dixit,
689 1481 831 1562 lineaque
851 1481 979 1565 hostium
1001 1499 1093 1560 usque
1122 1481 1160 1542 ad

201 1585 284 1626 oram
296 1559 484 1626 maritumam
503 1571 547 1624 est
562 1563 767 1642 depopulatus.
1247 1613 1248 1648 ,

134 1713 136 1718 ¹
168 1654 184 1704 t
263 1649 357 1710 Alteri
378 1647 491 1708 consuli
511 1647 659 1708 Aemilio
651 1665 799 1725 ingresso
806 1648 954 1716 Sabellum
975 1668 1077 1728 agrum
1098 1667 1160 1710 nou

201 1715 300 1794 castra
314 1733 502 1802 Samnitium,
524 1749 582 1804 non
599 1730 731 1808 legiones
746 1752 867 1812 usquam
886 1736 1052 1812 oppositae.
1076 1722 1159 1802 lerro

200 1817 499 1895 ignique-vastantem
517 1833 604 1892 agros
624 1815 712 1893 legati
728 1817 903 1877 Samnitium
920 1836 1021 1896 pacem
1040 1825 1161 1877 orantes

168 1904 185 1957 8
201 1900 319 1965 adeunt.
348 1919 365 1960 a
379 1919 437 1978 quo
449 1896 552 1959 reiecti
567 1898 604 1975 ad
624 1908 757 1960 senatum
773 1908 921 1979 potestate
937 1902 1012 1961 lacta
1031 1900 1158 1971 dicendi,

200 1986 302 2064 positis
319 1983 467 2043 lerooibus
487 1984 591 2042 animis
612 2001 715 2062 pacem
738 1985 794 2044 sibi
811 1984 847 2044 ab
867 1985 1007 2045 Romanis
1029 1982 1159 2063 bellique

169 2070 246 2130 ttius
261 2067 398 2127 adversus
411 2065 556 2127 Sidicinos
570 2069 731 2145 petierunt:
750 2086 866 2147 quaese
878 2088 912 2130 eo
928 2071 1031 2129 iustius
1045 2075 1158 2146 petere,

19 2127 20 2130 Ἴ
105 2225 107 2230 Ι
200 2151 277 2231 quod
300 2152 358 2211 et
350 2169 379 2210 m
402 2151 557 2210 amicitiam
572 2149 681 2230 populi
687 2152 813 2212 Romani
831 2152 967 2213 secundis
982 2154 1041 2218 suis
1057 2152 1157 2222 rebus,
1204 2185 1206 2190 ·

199 2233 416 2306 nonadversis,
431 2242 464 2294 ut
479 2235 635 2313 Campani,
646 2235 1158 2306 ¹venissent,etadversusSidicinos
1247 2245 1248 2316 j

200 2325 351 2379 sumerent
364 2337 460 2387 arma
479 2336 547 2380 suos
563 2337 680 2400 semper
690 2320 803 2389 hostes
819 2319 920 2399 populi
931 2321 1056 2381 Romam
1065 2337 1157 2386 ιιοιιι-
1247 2321 1248 2330 ’

158 2405 190 2456 10
201 2421 289 2482 quam
310 2405 434 2472 amicos,
456 2403 506 2481 qui
528 2420 598 2471 nec,
620 2409 653 2462 ut
667 2403 826 2474 Samnites
848 2408 879 2464 in
894 2423 967 2483 pace
987 2404 1156 2475 amicitiam,
1247 2473 1248 2482 ἦ

149 2533 151 2536 .
199 2503 270 2556 nec,
290 2493 323 2545 ut
338 2487 496 2564 Campani,
510 2484 671 2546 auxilium'
663 2503 694 2545 m
709 2486 787 2547 bello
802 2489 957 2566 petissent,
980 2506 1036 2548 nec
1052 2489 1082 2547 in
1099 2487 1158 2546 fide
1247 2495 1248 2548 t

148 2573 150 2576 ’
168 2573 180 2622 l
197 2568 307 2649 populi
304 2570 439 2629 Romani
450 2588 506 2629 nec
520 2571 551 2628 in
566 2569 681 2629 dicione
697 2580 804 2630 essent.
848 2573 883 2633 ll.
914 2573 985 2634 Cum
1004 2572 1040 2632 de
1054 2579 1157 2649 postu·

198 2653 264 2711 latis
279 2653 452 2712 Samnitium
465 2653 499 2713 Τ
515 2651 655 2714 Aemilius
652 2663 790 2732 praetor
807 2663 938 2716 senatum
952 2655 1156 2724 consuluisset,

165 2742 181 2789 2
197 2734 472 2815 reddendumque'
453 2753 490 2795 us
504 2733 608 2800 foedus
619 2745 717 2815 patres
730 2741 924 2810 censuissent,
940 2746 1085 2818 praetor
1071 2739 1155 2798 Sam-

198 2817 307 2880 nitibus
329 2819 495 2896 respondit,
513 2837 583 2890 nec,
600 2839 658 2899 quo
674 2823 771 2882 minus
785 2824 927 2902 perpetua
942 2843 1009 2883 cum
1027 2824 1068 2882 eis
1082 2822 1156 2880 ami-

114 2949 135 2964 .,
198 2909 238 2961 οι
236 2919 266 2963 ιο
283 2909 373 2970 esset,
391 2921 446 2980 per
465 2901 606 3000 populum
627 2905 791 2966 Romanum
814 2910 942 2978 stetisse,
965 2925 1021 2966 nec
1037 2911 1155 2966 contra·
1217 2909 1219 2914 '

198 2985 272 3054 dici,
289 2983 369 3061 quin,
385 2988 523 3064 quoniam
536 2987 616 3064 ipsos
627 2987 698 3047 belli
710 2989 795 3069 culpa
807 3009 858 3050 sua
870 2987 1013 3051 contracti
1025 2989 1155 3049 taedium

164 3075 179 3126 3
197 3071 324 3147 ceperit,
340 3071 468 3129 amicitia
480 3068 516 3128 de
532 3071 648 3148 integro
662 3074 884 3144 reconcilietur,
901 3075 977 3153 quod
997 3071 1034 3134 ad
1050 3073 1155 3133 Sidici-

198 3155 402 3222 nosattineat,
429 3151 516 3212 nihil·
529 3154 685 3226 intercedi,
705 3175 762 3234 quo
783 3159 881 3216 minus
901 3160 1024 3218 Samniti
1045 3153 1154 3234 populo
1191 3194 1193 3198 -
1247 3211 1248 3232 ,

163 3238 276 3314 opacis
291 3235 420 3316 bellique
434 3235 559 3297 lrherum
572 3239 725 3302 arhrtrmm
738 3242 784 3300 sit
807 3241 933 3316 loedere
949 3244 1007 3300 tcto
1020 3254 1085 3299 cum
1101 3237 1154 3299 do·
1247 3245 1248 3260 ¹

195 3337 277 3378 mum
293 3323 497 3389 revertissent,
523 3313 670 3401 extemplo
691 3322 760 3382 indo
777 3326 921 3386 exercitus
935 3326 1084 3385 Romanus
1101 3320 1154 3382 de-

196 3391 301 3494 ductus
313 3421 410 3462 annuo
422 3403 569 3482 stipendio
581 3414 610 3465 et
621 3407 709 3466 trium
716 3425 855 3467 mensum
868 3407 1156 3510 lrumentoac'cept'o,
1247 3435 1248 3464 ι
