2546 3936
271 199 366 240 uranu
383 198 451 242 vm.
469 196 536 238 oar.
552 185 595 238 28.
611 183 653 238 29.
674 175 713 258 [a.
730 179 765 240 C.
779 184 838 238 326.
852 175 913 258 325]
1010 244 1014 253 ι
1032 183 1072 244 79

108 347 266 409 incuriam
278 344 412 424 patribus
424 344 583 407 laceratum
596 347 708 408 iuvenis
717 355 831 424 tergum
845 344 1071 424 procumbentes

109 431 147 492 ad
163 430 345 508 singulorum
362 430 452 508 pedes
467 431 661 491 ostentabant.
692 433 797 491 victum
813 449 849 490 co
865 429 912 490 die
928 429 965 489 ob
987 432 1101 509 lupo-8

109 524 221 576 tentem
238 516 375 574 iniuriam
388 515 474 574 unius
485 515 589 592 ingens
600 513 746 580 vinculum
760 515 843 582 lidei;
860 515 988 592 iussique
1000 531 1070 578 con·

109 597 188 660 sules
200 598 278 658 terre
291 598 326 658 ad
340 597 495 676 populum,
513 600 644 676 nequis,
658 601 713 658 nisi
725 601 775 678 qui
788 616 893 658 noxam
906 600 1069 668 meruisset,

110 682 206 743 donec
219 699 343 761 poenam
363 681 470 750 lueret,
486 683 526 741 ›in
538 681 720 761 conpedibus
735 691 784 742 aut
797 684 828 741 in
847 700 893 742 ner
903 701 936 740 vo
955 692 1070 742 tenere-

110 774 174 836 tur,
191 767 332 844 pecuniae
348 766 477 826 creditae
499 765 576 826 bona
592 765 747 836 debitoris,
774 784 833 826 non
856 783 964 844 corpus
979 764 1101 828 abne-9

108 851 189 910 rium
206 859 292 910 esset.
321 852 360 910 ita
377 851 445 910 nexi
467 848 567 920 soluti,
590 853 766 929 cautumque
786 851 817 910 in
841 859 1010 930 posterum,
1033 867 1070 908 ne

107 942 310 994 necterentur.
742 990 744 998 ,

172 1017 272 1078 XXIX.
299 1017 410 1078 Eodem
422 1036 500 1078 anno
513 1036 579 1078 eunt
592 1020 662 1078 satis
676 1019 879 1096 perseipsum
893 1017 1067 1078 Samnitium
1081 1023 1095 1072 t

106 1101 218 1163 bellum
235 1109 264 1162 et
284 1101 409 1162 delectio
433 1121 540 1181 repens
556 1102 740 1162 Lucanorum
763 1111 955 1181 auctoresque
971 1102 1068 1161 delec-

106 1187 197 1246 tionis
214 1185 365 1245 Tarentini
385 1184 525 1246 sollicitos
549 1185 694 1245 baberent
712 1195 826 1264 patres,
849 1187 972 1246 accessit
992 1193 1024 1244 ut
1041 1191 1069 1244 et

106 1269 243 1330 Vestinus
263 1269 389 1348 populus
404 1269 584 1330 Samnitibus
606 1287 670 1330 sese
692 1272 900 1347 coniungeret
924 1288 998 1348 quae
1019 1278 1097 1328 rest

107 1355 183 1414 sicut
199 1371 234 1413 eo
250 1372 327 1414 anno
344 1353 530 1412 sermonibus
545 1355 637 1430 magis
657 1355 765 1431 passim
787 1354 939 1412 bominum
963 1355 1067 1413 iactata

107 1456 195 1516 quam
211 1439 240 1496 in
256 1437 375 1515 publico
388 1437 445 1498 ullo
458 1437 582 1498 concilio
598 1447 655 1506 est,
673 1439 712 1496 ita
724 1438 906 1516 insequentis
917 1438 987 1496 anni
998 1454 1067 1496 con·

108 1520 235 1591 sulibuS,
263 1520 548 1582 tremiscente
576 1523 683 1582 iterum
705 1521 788 1581 lunio
814 1521 905 1580 Bruto
931 1521 1067 1588 Scaevae,

107 1603 187 1665 nulla
206 1606 287 1684 prior
307 1607 462 1684 potiorque
477 1607 536 1665 visa
552 1612 608 1674 est,
634 1605 670 1664 de
686 1625 742 1684 qua
765 1604 801 1666 ad
817 1615 950 1665 senatum
975 1604 1068 1663 reler-

107 1699 185 1756 rent.
210 1697 240 1750 et
258 1707 434 1768 quamquam
451 1706 510 1750 non
525 1707 597 1749 nova
619 1697 760 1758 reserat,
785 1697 882 1750 tamen
904 1697 982 1749 tanta
999 1693 1098 1748 curat

106 1782 207 1853 patres
217 1775 352 1842 incessit,
378 1781 411 1834 ut
434 1775 544 1851 pariter
569 1792 632 1834 eam
657 1783 821 1852 susceptam
845 1773 1067 1852 neglectamque

90 1847 263 1925 'timerent,
279 1874 316 1920 ne
333 1865 382 1917 aut
395 1857 544 1934 inpunitas
555 1876 656 1918 eorum
673 1857 789 1918 lascivia
806 1857 1002 1935 superbiaque
1019 1865 1067 1916 aut

106 1940 186 2001 bello
200 1959 313 2019 poenae
325 1943 469 2020 expetitae
485 1949 564 2002 metu
580 1942 746 2020 propinquo
760 1951 847 2019 atque
860 1943 902 2000 ira
916 1943 1067 2000 concirent

106 2026 245 2086 linitimos
262 2025 395 2104 populos.
424 2035 453 2085 et
471 2034 533 2085 erat
547 2043 640 2102 genus
656 2043 742 2084 omne
758 2024 874 2084 abunde
892 2022 969 2082 bello
983 2025 1093 2084 Sam-4

108 2109 217 2170 nitibus
232 2128 299 2188 par,
315 2109 404 2169 Marsi
418 2108 608 2188 Paelignique
624 2118 653 2170 ct
668 2109 841 2177 Marrucini,
862 2126 951 2186 quoS,
974 2109 998 2168 si
1012 2107 1067 2168 Vc-

107 2195 201 2254 stinus
217 2195 423 2270 attingeretur,
446 2211 549 2254 omnes
568 2192 718 2253 habendos
737 2191 845 2251 hostes.
881 2193 948 2250 vicit
966 2199 1093 2252 tament

107 2295 191 2358 pars,
211 2295 285 2355 quae
300 2278 512 2354 inpraesentia
527 2277 619 2336 videri
634 2276 863 2354 potuitmaioris
877 2276 967 2350 animi
979 2293 1065 2353 quam

108 2358 238 2428 consilii;
252 2361 303 2420 sed
316 2368 436 2421 eventus
449 2359 548 2420 docuit
561 2360 652 2421 iortes
663 2360 810 2418 loctunam
823 2359 931 2417 iuvare.
951 2357 1095 2437 bellumo

108 2463 144 2504 ex
165 2445 337 2504 auctoritate
360 2453 477 2522 patrum
503 2443 627 2522 populus
652 2444 791 2504 adversus
815 2442 949 2501 Vestinos
973 2442 1065 2501 iussit.

107 2529 257 2607 provincia
273 2547 307 2588 ea
321 2527 429 2597 bruto,
446 2529 598 2589 Samnium
615 2526 737 2590 Camillo
752 2534 833 2586 sorte
852 2527 955 2586 evenit.
983 2533 1094 2585 exer-7

22 2683 26 2686 ,
108 2612 183 2672 citus
199 2619 324 2691 utroque
340 2611 435 2681 ducti,
451 2618 481 2672 ct
494 2629 564 2691 cura
576 2611 752 2672 tuendorum
767 2611 867 2669 linium
884 2609 991 2693 hostes
997 2627 1065 2687 pro·

107 2695 192 2756 bibiti
219 2697 400 2774 coniungere
423 2711 513 2756 arma.
546 2703 675 2754 ceterum
698 2693 821 2755 alterum
861 2692 1009 2753 consulem
1031 2693 1063 2752 L.
1077 2697 1104 2748 8x

107 2779 244 2849 Furium,
261 2781 309 2839 cui
320 2780 414 2840 maior
424 2777 517 2838 moles
528 2797 628 2839 rerum
639 2779 764 2858 inposita
777 2787 855 2846 erat,
869 2776 972 2836 morbo
985 2778 1066 2854 gravi

106 2861 272 2942 inplicitum
291 2862 409 2923 fortuna
429 2861 507 2921 bello
533 2861 690 2941 subtraxit:
716 2865 870 2941 iussusque
892 2861 1094 2921 dictatorcmb

108 2946 207 3007 dicere
220 2948 266 3005 rei
281 2946 426 3023 gerendae
439 2963 525 3006 causa
540 2945 628 3024 longe
640 2946 834 3006 clarissimum
850 2943 927 3004 bello
943 2963 976 3004 ea
993 2953 1064 3004 tem·

106 3036 220 3108 pestate
236 3029 306 3088 dixit
322 3029 355 3090 L.
366 3030 514 3108 Papirium
527 3030 695 3098 Cursorem,
712 3049 726 3090 a
742 3046 800 3108 quo
812 3027 845 3097 Q.
859 3027 965 3088 Fabius
976 3027 1065 3088 blaxi-

107 3131 174 3174 mus
193 3110 344 3171 Rullianus
371 3114 510 3190 magister
530 3115 659 3192 equitum
683 3120 728 3174 c'st
754 3113 860 3181 dictus,
888 3129 942 3188 par
965 3109 1062 3170 nobile
1078 3115 1111 3166 to

107 3195 198 3258 rebus
213 3195 245 3255 in
261 3213 296 3255 co
311 3197 481 3273 magistratu
496 3199 600 3274 gestis,
615 3197 760 3256 discordia
776 3206 887 3268 umen,
904 3211 960 3270 qua
973 3211 1065 3272 prope

107 3281 143 3342 ad
159 3278 295 3342 ultimum
312 3278 506 3356 dimicationis
524 3289 642 3340 ventum
665 3287 723 3348 est,
745 3278 880 3338 nobilius
911 3277 948 3337 ab
971 3277 1062 3336 altero
1076 3283 1105 3332 11

107 3363 228 3426 consule
248 3365 280 3424 in
301 3361 428 3422 Vestinis
447 3363 601 3442 multiplex
623 3362 733 3424 bellum
760 3379 815 3422 nec
841 3379 964 3439 usquam
986 3361 1064 3419 vario

107 3456 213 3510 eventu
227 3456 341 3527 gestum
357 3455 410 3508 ost.
439 3465 507 3508 nam
523 3455 553 3507 et
567 3448 741 3527 pervastavit
754 3463 841 3524 agros
855 3451 885 3503 et
898 3441 1065 3522 populando
