2538 3946
189 184 253 248 220
367 195 460 238 umas
474 196 539 238 xxr.
558 193 627 240 car.
643 181 685 234 19.
699 181 742 234 20.
760 171 801 255 [a
815 197 846 238 u.
865 195 892 237 c.
904 171 971 256 aad]

191 361 287 423 neque
302 342 432 406 additum
447 349 510 404 erat
522 342 600 413 „iis,
622 342 673 421 qui
693 347 764 402 tunc
783 347 909 402 ossent“
932 357 988 401 noc
1010 357 1078 414 „ne
1105 342 1169 422 qui

163 435 180 486 o
191 435 293 507 postea
314 425 581 495 adsumerentur,;‘⁴
617 432 735 485 etcum
757 423 912 486 adsumere
933 441 1025 486 novos
1047 423 1166 486 liceret

191 511 302 578 socios,
318 509 383 589 quis
396 525 521 588 aequum
537 514 674 570 censeret
687 513 738 568 aut
753 505 790 568 ob
801 505 882 568 nulla
896 523 1074 587 quemquam
1090 525 1164 569 mo·
1243 561 1244 582 ,

192 594 250 653 rita
271 594 302 652 in
326 593 483 652 amicitiam
503 591 596 670 recipi
620 598 670 651 aut
689 596 826 669 receptos
845 590 878 650 in
905 590 994 651 fldem
1015 607 1078 652 non
1103 591 1161 652 de·

192 675 291 737 fendif
306 681 419 736 tantum
431 692 469 735 ne
481 673 764 752 Carthaginiensium
775 673 846 734 socii
859 679 910 734 aut
920 672 1162 736 sollicitarentur

193 759 230 820 ad
246 759 440 820 defectionem
456 765 507 819 aut
522 775 575 818 sua
590 763 696 835 sponte
716 756 913 818 desciscentes
934 758 1159 835 reciperentur.

165 847 182 900 o
255 842 358 920 Legati
370 842 496 902 Romani
517 839 554 901 ab
570 840 761 918 Carthagine,
783 840 858 900 sicut
871 839 1034 912 iisllomae
1056 841 1159 920 impe·

194 932 291 986 ratum
314 932 390 996 erat,
417 926 449 984 in
475 924 661 1002 Hispaniam,
690 930 724 986 ut
743 921 859 984 adirent
887 924 1033 993 ciuitates,
1065 925 1160 984 utin

193 1009 362 1069 societatem
375 1004 1157 1086 perlicerentautarertereutaPoenis,traiecerunt.
1244 1003 1245 1072 l

165 1090 230 1152 tad
246 1091 404 1168 Bargusios
414 1091 712 1169 primumueneruut,
731 1108 747 1150 a
764 1088 871 1168 quibus
881 1089 1009 1167 benigne
1025 1091 1157 1169 excepti,

193 1174 262 1253 qula
278 1173 416 1238 taedebat
424 1174 542 1250 imperii
551 1172 670 1243 Punici,
687 1171 795 1234 multos
807 1179 889 1234 trans
899 1171 1042 1234 Hiberum
1057 1191 1155 1252 popu·

167 1256 238 1317 slos
253 1255 290 1317 ad
306 1256 473 1335 cupidinem
489 1273 581 1318 norae
595 1256 730 1318 fortunae
745 1263 913 1317 erexerunt.
942 1254 980 1316 ad
995 1254 1157 1318 Volcianos

167 1415 175 1422 .
193 1339 262 1400 inde
284 1347 328 1402 est
346 1346 479 1410 rentum,
496 1357 623 1420 quorum
638 1338 755 1400 celebre
769 1357 824 1418 per
836 1338 1007 1417 Hispaniam
1025 1356 1153 1420 respon·

165 1428 259 1484 usum
281 1431 396 1484 ceteros
417 1423 541 1504 populos
567 1422 605 1484 ab
629 1423 768 1484 societate
798 1423 930 1484 Romana
959 1424 1072 1484 avertit.
1108 1424 1152 1484 ita
1245 1493 1246 1496 Ἴ

194 1507 273 1568 eninr
287 1509 431 1568 maximus
452 1514 522 1568 natu
545 1525 582 1568 ex
600 1508 637 1568 iis
656 1508 687 1566 in
703 1505 827 1568 concilio
849 1505 1018 1585 respondit:
1048 1523 1152 1585 „quaa

195 1591 372 1651 verecundia
391 1597 450 1660 est,
466 1590 604 1660 Romani,
628 1588 779 1669 postulare
794 1607 860 1659 vos,
882 1591 926 1650 uti
939 1597 1065 1651 vestram
1079 1589 1151 1651 Gar·

194 1673 422 1750 thaginiensium
432 1674 576 1734 amicitiae
585 1690 817 1752 praeponamus,
832 1690 900 1734 cum
913 1673 1005 1752 quiid
1015 1673 1152 1734 fecerunt

196 1754 348 1832 Saguntini
372 1753 533 1825 crudelius,
563 1773 651 1834 quam
670 1755 787 1816 Poenus
811 1756 905 1816 bostis
930 1754 1072 1836 perdidit,
1101 1773 1153 1818 vos

154 1843 187 1896 10
198 1838 270 1898 socii
283 1836 492 1916 prodideritisi
513 1837 556 1900 ibi
569 1840 716 1917 quaeratis
727 1840 822 1900 socios
838 1857 959 1910 censeo,
975 1839 1027 1900 ubl
1038 1840 1153 1918 Sagun-

194 1922 256 1981 tina
271 1920 368 1982 clades
383 1923 483 2000 ignota
498 1929 556 1982 est:
587 1921 724 2002 Hispanis
741 1921 857 2002 populis
873 1924 949 1984 sicut
963 1922 1097 2001 lugubre,
1111 1924 1152 1983 ita

195 2004 311 2083 insigne
333 2004 541 2067 documentum
556 2006 678 2082 Sagunti
698 2006 802 2068 ruinae
823 2014 924 2077 erunt,
946 2023 984 2067 ne
1005 2007 1070 2086 quis
1083 2006 1152 2068 fidei
1246 2007 1247 2042 ἵ

155 2093 184 2146 tl
198 2088 347 2149 Romanae
362 2095 411 2149 aut
427 2090 559 2151 societati
571 2089 727 2150 confidat.“
748 2089 818 2150 inde
833 2089 979 2169 externplo
995 2089 1076 2151 abire
1086 2090 1150 2150 ilui-

195 2170 251 2231 bus
265 2169 472 2234 Volcianorum
486 2173 558 2234 iussi
574 2172 611 2235 ab
627 2171 708 2234 nullo
729 2171 835 2234 deinde
855 2172 980 2234 concilio
993 2173 1150 2252 Hispaniae
1246 2219 1247 2224 η

195 2252 371 2332 benigniora
385 2255 475 2316 verba
489 2255 593 2318 tulere.
626 2259 665 2318 ita
682 2257 861 2338 nequiquam
878 2262 1034 2336 peragrata
1048 2255 1149 2336 Hispa·

196 2339 245 2398 nia
259 2339 291 2398 in
309 2336 433 2400 Galliam
448 2346 612 2402 transeunt.

169 2425 183 2478 1
258 2419 321 2481 XX.
357 2422 392 2482 ln
408 2468 415 2483 .
430 2467 437 2484 .
454 2466 482 2484 ..
504 2425 540 2484 iis
561 2441 635 2484 nova
656 2421 856 2505 terribilisque
878 2424 993 2501 species
1013 2424 1073 2484 visa
1095 2430 1147 2494 est,

197 2504 276 2583 quod
293 2507 398 2566 mmati
414 2507 508 2568 —ita
522 2523 586 2567 mos
601 2507 696 2584 gentis
711 2514 827 2568 erat-
843 2507 875 2566 in
893 2505 1051 2568 concilium
1065 2525 1148 2568 reue·

167 2595 274 2648 erunt.
308 2606 374 2649 cum
388 2588 486 2649 verbis
508 2588 680 2650 extoHentes
695 2588 818 2667 gloriam
839 2591 1036 2669 virtutemque
1051 2590 1148 2671 populi

196 2671 323 2732 Romani
337 2690 372 2733 ac
382 2672 613 2751 magnitudinem
624 2674 742 2751 imperii
754 2674 910 2753 petissent,
927 2690 964 2733 ne
975 2674 1075 2735 Poeno
1088 2674 1147 2734 bel·

196 2751 259 2814 lum
273 2753 373 2815 ltaliae
393 2755 533 2817 inferenti
557 2773 612 2834 per
631 2773 719 2834 agros
739 2756 887 2837 urbesque
907 2773 975 2819 suas
997 2760 1147 2819 transitum

170 2835 322 2905 adorent,
342 2845 442 2898 tantus
457 2856 524 2899 cum
539 2839 657 2900 fremitu
677 2841 754 2902 risus
775 2839 882 2902 dicitur
902 2847 997 2912 ortus,
1022 2848 1055 2902 ut
1075 2843 1147 2902 vira

172 2919 418 2996 tmagistratibus
432 2918 650 3001 maioribusque
667 2931 738 2985 natu
750 2925 885 2985 iuventus
896 2923 1063 2987 sedaretur:
1079 2925 1146 2986 adeo

197 3001 303 3064 stolida
319 3002 523 3083 inpudensque
534 3002 691 3082 postulatio
704 3007 765 3068 risa
780 3014 838 3078 est,
856 3025 986 3077 censere,
1003 3026 1041 3069 ue
1053 3009 1083 3069 in
1095 3008 1146 3069 lta·

198 3085 267 3148 liam
281 3088 483 3150 transmittant
501 3086 576 3151 Galli
596 3086 722 3159 bellum,
743 3090 824 3168 ipsos
844 3091 874 3152 id
893 3090 1046 3152 advertere
1069 3093 1099 3151 iu
1118 3109 1147 3151 se

169 3175 344 3251 tagrosque
371 3189 441 3234 suos
465 3191 521 3252 pro
549 3171 652 3233 alienis
671 3172 854 3254 populandos
882 3173 1009 3236 obicere.
1053 3174 1145 3236 sedato

197 3252 317 3314 tandem
333 3254 453 3316 fremitu
466 3273 640 3335 responsum
661 3254 765 3334 legatis
787 3265 832 3319 est
844 3275 940 3337 neque
953 3257 1146 3318 Romanorum

198 3336 229 3393 in
244 3354 276 3395 se
290 3339 428 3397 meritum
444 3356 507 3398 esse
525 3357 620 3417 neque
635 3339 918 3417 Carthaginiensium
939 3341 1091 3410 iniuriam,
1112 3338 1145 3398 ob

199 3433 273 3492 quae
292 3425 341 3477 aut
355 3437 411 3496 pro
424 3421 564 3482 Romanis
580 3428 630 3481 aut
646 3420 784 3484 adversus
799 3424 916 3486 Poenos
931 3429 1048 3485 sumant
1063 3437 1147 3483 arma.
