2538 3946
283 173 466 218 ranroonas
481 175 647 218 nranoaunr
659 175 736 218 xv1r.
751 177 841 222 xum.
852 179 917 219 arx.
1019 163 1081 226 203

391 387 577 451 anatomia
597 387 699 450 LIBRI
718 388 804 450 XVII.

185 541 231 593 Cn.
245 539 375 590 Cornelius
388 539 478 590 consul
489 553 504 588 a
515 539 598 589 classe
609 540 703 589 Punica
716 541 902 589 circumventus
915 549 940 588 et
950 556 997 605 per
1008 541 1078 592 iran-

105 609 189 670 dem,
201 607 272 658 velut
284 607 310 656 in
323 605 485 670 conloquium
498 615 631 666 evocatus,
650 617 741 671 captus
754 613 801 659 est.
827 607 854 660 C.
867 606 976 656 Duillius
988 609 1078 658 consul

104 676 240 725 adversus
253 672 360 723 classem
373 673 516 723 Poenorum
532 688 654 738 prospere
664 674 789 738 pugnavit
801 675 952 739 primusque
963 677 1077 726 omnium

105 742 286 792 Romanorum
305 741 398 790 ducum
416 741 511 791 navalis
529 741 649 790 victoriae
665 741 738 791 duxit
755 740 923 808 triumphum,
947 742 980 791 ab
1001 757 1078 805 quam

106 822 219 858 causam
236 807 260 855 ei
282 816 422 873 perpetuus
441 822 542 871 quoque
563 807 644 858 honos
666 807 768 857 habitus
789 818 840 870 est,
860 817 888 858 ut
908 810 1078 858 revertentia

106 889 179 924 cena
195 873 297 924 tibicine
316 883 421 924 canente
436 874 524 924 funale
540 875 717 940 praeferretur.
746 876 776 925 L.
796 874 927 926 Cornelius
940 875 1030 926 consul
1050 878 1077 927 in

107 941 234 993 Sardinia
243 950 268 990 et
281 940 381 991 Corsica
393 948 480 992 contra
493 941 587 992 Sardos
600 950 625 992 et
636 943 728 993 Corsos
737 950 762 991 et
774 942 924 992 Hannonem
934 942 1076 992 Poenorum

107 1009 206 1059 ducem
218 1007 324 1057 feliciter
335 1009 466 1074 pugnavit.
492 1009 585 1059 Atilius
599 1009 730 1060 Calatiuns
749 1009 837 1059 consul
850 1024 907 1058 cnm
925 1009 951 1058 in
964 1009 1047 1059 locum
1060 1025 1076 1060 a

106 1075 206 1126 Poenis
218 1075 414 1126 circumsessum
431 1084 526 1124 temere
544 1077 683 1126 exercitum
701 1076 831 1138 duxisset,
851 1077 884 1127 M.
899 1075 1019 1141 Calpurni
1031 1078 1077 1126 tri-

106 1142 287 1193 bunimilitum
292 1143 384 1191 virtute
393 1151 418 1192 et
431 1157 508 1208 opera
518 1144 607 1206 evasit,
618 1144 661 1206 qui
671 1158 728 1193 cum
737 1145 856 1194 trecentis
865 1144 987 1193 militibus
997 1159 1075 1210 erup-

106 1210 181 1259 tione
191 1209 258 1258 iacta
269 1208 356 1259 hostes
368 1211 395 1258 in
406 1224 435 1259 se
452 1217 618 1260 converterat.
642 1208 767 1260 Hannibal
784 1211 838 1260 dux
850 1210 992 1260 Poenorum
1009 1213 1075 1260 victa

108 1277 209 1338 classe,
223 1276 263 1324 cni
274 1275 431 1341 praefuerat,
445 1290 460 1324 a
471 1276 593 1326 militibus
606 1277 660 1327 anis
671 1279 695 1324 in
706 1291 807 1326 crucem
819 1277 933 1327 sublatus
946 1284 993 1332 est.
1020 1279 1075 1327 Ati·

107 1342 160 1393 lina
177 1341 290 1408 Regulus
304 1342 396 1392 consul
407 1343 483 1392 victis
497 1344 581 1391 navali
597 1343 693 1408 proelio
705 1343 797 1392 Poenis
809 1343 836 1392 in
847 1342 960 1393 Africam
968 1345 1074 1396 tralecit.

378 1574 565 1638 PERICCHA
586 1577 687 1639 LIBRI
708 1577 807 1639 XVIII.

177 1725 271 1775 Atilius
283 1717 396 1789 Regulos
414 1725 538 1774 in‘Airica
555 1736 699 1792 serpentem
711 1736 874 1794 portentosae
886 1729 1072 1793 magnitudinis

109 1808 168 1843 sum
179 1807 272 1856 magna
285 1792 356 1842 clade
367 1791 477 1841 militum
493 1793 596 1855 occidit,
614 1801 708 1844 etcum
724 1794 821 1858 aliquot
832 1796 934 1860 proeliis
951 1797 1016 1846 bene
1027 1797 1073 1846 ad·

111 1873 200 1910 versus
208 1859 428 1924 Uarthagmienses
441 1869 590 1926 pugnasset,
603 1876 772 1924 sucessorque
785 1863 809 1911 ei
819 1877 836 1911 a
847 1872 936 1913 senatu
949 1877 1074 1933 prospere

110 1928 205 1977 nellum
221 1928 318 1990 gerenti
336 1925 556 1989 acuminaretur,
578 1927 605 1979 id
629 1929 713 1994 ipsum
731 1943 777 1993 per
792 1929 888 1978 litteras
900 1929 934 1978 ad
954 1938 1073 1980 senatum

106 1995 201 2044 missas
214 2003 318 2057 questus
331 2000 379 2056 est,
390 1993 415 2041 in
427 1994 517 2057 quibus
527 1994 593 2044 iuter
602 2009 691 2045 caunas
702 1995 807 2061 petendi
815 1995 956 2045 sucessoris
967 1993 990 2056 ⁸,
1003 1995 1072 2056 quod

106 2061 206 2126 agellus
225 2061 280 2111 eius
297 2076 312 2111 a
329 2061 507 2111 mercennariis
524 2061 641 2111 desertus
654 2069 731 2114 esset.
758 2068 896 2122 quaerente
914 2061 1006 2110 deinde
1017 2062 1071 2112 lor·

106 2137 178 2190 tuna,
190 2138 218 2178 ut
229 2142 349 2190 maguum
360 2129 494 2189 utriusque
511 2142 585 2178 casus
603 2129 748 2194 exemplum
766 2129 792 2176 in
804 2127 902 2192 Regulo
914 2127 1072 2192 proderetur,

108 2195 231 2245 arcessito
243 2209 259 2243 a
271 2193 523 2258 Carthaginiensibus
540 2193 702 2259 Xanthippo,
720 2193 977 2246 Lacedaemoniorum
995 2196 1068 2260 duce,

106 2263 191 2312 victus
200 2261 297 2328 proelio
310 2269 335 2310 et
346 2271 435 2325 captus
449 2268 496 2312 est.
520 2275 561 2310 res
572 2261 666 2311 deinde
678 2275 693 2310 a
703 2261 810 2311 ducibus
819 2262 940 2311 Romanis
951 2264 1070 2312 omnibus

106 2337 176 2379 terra
190 2329 305 2393 marique
321 2342 444 2393 prospere
461 2337 546 2392 gestas
565 2327 772 2378 deformaverunt
790 2327 922 2392 naufragia
939 2327 1069 2380 classium.

106 2397 163 2449 Tib.
176 2395 350 2446 Comncanius
368 2396 467 2460 primus
485 2411 517 2446 ex
534 2394 608 2461 plebe
626 2393 743 2460 pontifex
760 2395 887 2446 maximus
904 2404 1004 2444 creatus
1023 2403 1070 2446 est.

106 2463 142 2517 M.
156 2463 322 2528 Sempronius
339 2461 440 2528 Sophus
457 2463 506 2512 Μ’.
519 2461 636 2513 Valerius
649 2461 774 2512 MaxImus
791 2475 910 2511 censores
923 2477 981 2511 oum
993 2475 1069 2510 sena·

105 2539 161 2580 tum
172 2531 298 2596 legerent,
311 2531 421 2580 sedecim
434 2537 524 2580 senatu
536 2540 681 2587 morannum
704 2529 812 2579 lustrum
824 2527 1004 2588 condiderunt,
1017 2541 1068 2591 qno

106 2610 186 2648 censa
197 2607 258 2648 suut
269 2597 362 2647 civium
374 2597 456 2662 capita
469 2597 577 2652 CCXc'Wl
586 2607 723 2650 DccchlL
747 2595 861 2660 Regulus
873 2596 967 2646 missus
980 2610 995 2643 a
1009 2594 1069 2644 Car·

106 2664 310 2729 thaginieusibns
322 2665 354 2713 ad
367 2672 496 2726 senatum,
511 2672 539 2714 nt
551 2665 582 2713 de
594 2678 658 2729 pace
671 2669 707 2726 et,
721 2663 743 2712 si
757 2677 813 2711 earn
826 2677 875 2712 non
886 2669 974 2726 posset
986 2661 1068 2727 impe·

105 2739 185 2792 hare,
199 2733 231 2782 de
243 2731 427 2782 commutandis
444 2731 551 2796 caprinis
568 2737 667 2795 ageret,
686 2729 731 2778 sed
744 2730 798 2778 iure
814 2730 919 2780 iurando
933 2727 1070 2779 adstrictus

105 2799 247 2849 rediturum
258 2813 287 2849 se
307 2796 498 2862 Carthaginem,
516 2798 538 2847 si
557 2797 704 2848 commutari
720 2799 835 2862 captivos
853 2811 903 2846 uon
921 2797 1070 2862 placuisset,

105 2873 242 2929 utrumqne
255 2867 365 2930 negandi
377 2874 464 2916 auctor
476 2865 576 2914 senatui
588 2865 636 2914 suit
649 2871 685 2926 et,
705 2879 762 2915 cum
779 2865 830 2914 ilde
843 2865 970 2915 custodita
982 2879 1069 2914 rerer·

106 2947 151 2981 sus
170 2940 250 2992 esset,
263 2933 389 2998 supplicio
402 2948 417 2982 a
430 2931 680 2998 Carthagiuiensibus
693 2931 725 2982 de
737 2947 767 2984 eo
786 2942 887 2999 sumpto
900 2933 974 2998 perit.

492 3067 692 3078 ’,ιι-...ιη’

381 3164 567 3226 PERICCHA
589 3165 690 3226 LIBIlI
711 3163 786 3224 XIII.

175 3311 298 3364 Caecilius
310 3311 426 3364 Metellus
438 3315 514 3364 rebus
532 3315 654 3362 adversus
669 3313 768 3361 Poenos
781 3325 904 3376 prospere
916 3310 996 3375 gestis
1009 3325 1069 3374 ape·

106 3383 205 3432 ciosum
217 3382 268 3446 egit
280 3381 434 3448 triumphum
448 3381 566 3431 tredecim
578 3382 686 3430 ducibus
704 3379 816 3428 hostium
829 3388 854 3427 et
866 3386 965 3428 centnm
978 3378 1067 3442 vigInti

106 3449 246 3518 elephantis
265 3449 290 3498 iu
308 3465 337 3500 eo
355 3450 445 3503 ductis.
476 3449 595 3500 Claudius
612 3447 720 3497 Pulcher
742 3445 831 3498 consul
847 3455 934 3496 contra
955 3446 1070 3512 auspicia
