2542 3956
306 193 399 236 urana
414 191 491 234 xxrr.
510 190 578 235 car.
595 169 750 252 rs.1e.[a.
767 173 801 234 Ο.
820 169 882 254 217]
1011 177 1073 240 27⁷

113 342 207 403 sidias
229 357 294 402 esse
319 347 400 401 ratus
421 348 451 400 et
470 339 506 400 ab
531 346 676 400 nocnrrno
703 339 802 418 utique
824 338 988 400 abhorrens
1009 357 1073 401 cer·

114 427 226 486 tannae
238 443 306 486 suos
319 425 508 484 munimentis
520 426 623 484 tenuit.
651 422 718 484 luce
732 423 827 500 prima
838 422 892 484 sub
906 425 974 502 iugo
989 433 1102 485 mon-tt

114 511 155 568 tis
169 507 315 588 proelium
329 506 399 578 tuit,
421 525 479 586 quo
494 507 684 567 interclusam
707 506 743 567 ab
760 508 820 567 suis
835 506 929 567 levem
946 516 1072 569 armatu·

112 609 182 652 ram
196 591 281 652 facile
299 591 459 651 -etenim
485 607 609 651 numero
629 590 809 670 aliquantum
832 589 1020 669 praestabant
1035 625 1070 636 -

113 675 243 736 Romani
258 683 459 754 superassent,
475 675 531 734 nisi
546 674 742 753 Hispanorum
759 674 866 734 cohors
880 673 916 734 ad
933 675 964 734 id
978 675 1073 754 ipsum

115 759 240 819 remissa
261 759 296 819 ab
318 757 481 818 Hannibale
502 760 692 836 pervenisset.
738 775 772 818 ea
800 757 948 818 adsuetior
967 759 1102 818 monti-3

115 841 174 902 bus
195 849 225 902 et
249 842 286 902 ad
308 841 541 902 concursandum
567 843 645 902 inter
667 859 737 902 saxa
756 856 903 920 rupesque
924 843 1019 921 aptior
1040 859 1074 902 ao

117 925 210 986 levior
224 943 290 988 cum
305 923 457 986 velocitate
468 943 628 1005 corporum
639 931 702 985 tum
716 942 866 986 armorum
882 923 983 985 habitu
995 942 1073 986 oam-

114 1015 248 1088 pestrenr
264 1009 396 1078 hostem,
415 1025 534 1086 gravem
550 1011 639 1070 aruris
654 1011 878 1088 statariumque,
894 1025 1010 1086 pugnae
1025 1025 1074 1086 ge·

115 1109 190 1153 nere
204 1092 391 1154 lacileelusit.
416 1095 455 1152 ita
463 1092 689 1171 haudquaquam
702 1093 932 1170 pariccrtamine
939 1092 1101 1170 digressis

115 1175 239 1254 Hispani
254 1175 316 1238 lere
331 1193 434 1236 omnes
448 1175 625 1246 incolumes,
641 1176 765 1236 Romani
780 1175 889 1254 aliquot
907 1177 967 1236 suis
983 1177 1073 1235 amis·

115 1261 158 1319 sis
171 1259 202 1319 in
221 1267 315 1320 castra
330 1259 554 1320 contenderunt.
647 1317 649 1322 s

181 1342 288 1402 Fabius
308 1359 424 1421 quoque
443 1343 533 1402 movit
555 1348 664 1411 castra,
689 1349 949 1421 transgressusque
967 1342 1101 1403 saltumn

117 1443 208 1504 super
222 1423 323 1485 Allitas
337 1425 404 1486 loco
420 1423 477 1486 alto
494 1443 529 1485 ac
543 1427 655 1485 munito
671 1427 812 1486 consedit.
842 1433 904 1486 tum
919 1443 974 1504 per
989 1425 1101 1487 Sam-t

117 1511 201 1570 nium
219 1508 341 1570 Romam
357 1523 389 1569 se
409 1517 512 1588 petere
530 1507 670 1573 simulans
687 1509 833 1570 Hannibal
848 1511 985 1589 usquein
1001 1509 1073 1570 Pae·

116 1593 215 1670 lignos
227 1591 452 1671 populabundus
472 1593 574 1661 rediit:
594 1590 702 1654 Fabius
724 1592 839 1654 medius
853 1594 930 1652 inter
946 1593 1074 1653 hostium

118 1692 225 1755 agmen
240 1675 402 1755 urbemque
418 1676 541 1736 Romam
554 1677 632 1754 iugis
647 1675 773 1736 ducebat
788 1693 843 1736 nec
857 1671 1002 1737 absistens
1018 1693 1074 1737 nee

116 1759 321 1838 congrediens.
352 1777 388 1820 ex
400 1759 547 1838 Paelignis
562 1760 678 1820 Poenus
691 1759 773 1848 llexit
783 1761 839 1820 iter
847 1767 986 1840 retroque
996 1762 1102 1840 Apu-7

116 1842 186 1903 liam
206 1851 344 1921 repetens
370 1844 547 1904 Gereonium
576 1845 723 1922 pervenit,
749 1842 855 1903 urbem
882 1852 976 1913 metu,
1006 1845 1073 1923 quia
1101 1869 1103 1874 ·

118 1925 256 2004 conlapsa
278 1928 372 1986 ruinis
392 1945 462 2005 pars
487 1929 637 1987 moenium
665 1933 741 1996 erat,
771 1925 808 1985 ab
834 1928 895 1986 suis
917 1926 1073 1986 desertam.

118 2008 249 2071 dictator·
264 2011 295 2069 in
309 2010 447 2072 Larinate
471 2027 541 2088 agro
563 2016 659 2070 eastra
676 2009 856 2068 communiit.
891 2008 960 2068 inde
975 2015 1102 2068 sacro-8

118 2111 185 2153 rum
213 2111 300 2154 eausa
315 2093 440 2153 Romam
466 2100 633 2160 revocatus,
661 2110 721 2152 non
745 2093 870 2170 imperio
888 2091 991 2161 modo,
1022 2091 1073 2152 sed

119 2176 243 2236 consilio
272 2178 361 2236 etiarn
390 2193 425 2235 ac
448 2193 543 2253 prope
568 2174 707 2253 precibus
730 2193 821 2252 agens
841 2195 907 2237 cum
934 2177 1074 2253 magistro

119 2260 264 2336 equitum,
288 2265 321 2320 ut
344 2257 411 2336 plus
432 2256 554 2318 consilio
568 2275 656 2336 quam
677 2259 813 2319 fortunae
836 2259 976 2328 oontldat,
999 2266 1029 2318 et
1042 2265 1101 2319 set

118 2342 215 2420 petbus
231 2342 337 2401 ducem
351 2359 439 2420 quam
455 2341 661 2419 Sempronium
676 2341 910 2421 Flaminiumque
929 2343 1073 2410 imitatum

119 2423 247 2486 neuihil
265 2430 362 2484 actum
370 2433 513 2510 ‚censeret
525 2431 658 2508 extracta
673 2443 766 2504 prope
781 2433 902 2494 aestate,
911 2443 965 2504 per
979 2425 1074 2485 ludifi-

120 2509 266 2568 cationem
285 2506 398 2579 hostis;
426 2509 556 2570 medicos
581 2527 697 2589 quoque
720 2509 786 2587 plus
811 2509 960 2570 interdum
977 2509 1074 2588 quiete

120 2609 206 2671 quam
221 2590 365 2652 movendo
381 2599 467 2672 atque
483 2593 596 2671 agendo
612 2594 770 2671 prolicere3
787 2593 864 2653 haud
879 2607 998 2672 parvam
1009 2609 1073 2652 rem
1083 2596 1117 2650 10

120 2691 184 2736 esse
206 2675 243 2736 ab
267 2677 374 2738 totiens
395 2679 506 2736 victore
527 2676 612 2737 hoste
632 2677 709 2736 vinci
729 2677 853 2748 desisse,
877 2675 913 2737 ab
930 2677 1075 2736 continuis

120 2759 250 2820 cladibus
274 2758 338 2840 [ac]
359 2762 521 2839 respirasse
547 2793 582 2804 -
605 2761 679 2820 haec
698 2762 875 2840 nequiquam
891 2760 1074 2837 praemonito

11 2851 12 2854 ’
120 2846 259 2922 magistro
273 2845 403 2923 equitum
415 2844 538 2905 Romani
553 2852 596 2904 est
610 2844 769 2923 proiectus.

182 2927 257 2988 XIX.
302 2928 452 3007 Principio
478 2929 608 2998 aestatis,
637 2945 693 3007 qua
722 2927 796 2989 haec
821 2928 1015 3006 gerebantur,
1045 2929 1102 2986 int

120 3008 257 3086 Hispania
274 3027 390 3089 quoque
402 3019 481 3072 terra
498 3013 631 3090 marique
643 3019 779 3089 coeptum
794 3010 903 3072 bellum
919 3021 972 3071 est.
1002 3010 1104 3070 Has-2

121 3090 225 3152 drubal
257 3091 294 3152 ad
319 3111 386 3153 eum
413 3095 529 3154 navium
556 3111 728 3162 numerum,
759 3112 845 3172 quem
872 3111 888 3152 a
914 3093 1005 3153 lratre
1031 3093 1077 3151 in-

121 3180 264 3235 structum
285 3185 477 3254 paratumque
498 3183 664 3252 acceperat,
689 3175 793 3235 decern
808 3175 928 3244 adiecit;
952 3175 1105 3255 quadra-3

122 3260 201 3337 ginta
216 3259 333 3318 navium
352 3257 474 3320 classem
489 3258 648 3318 Himilconi
671 3258 775 3328 tradit,
799 3266 885 3337 atque
901 3261 940 3319 ita
956 3257 1076 3320 Cartha-

122 3344 189 3420 gine
203 3341 354 3420 prolectus
375 3341 497 3402 navibus
511 3359 604 3421 prope
628 3349 739 3403 terram
755 3344 916 3402 exercitum
938 3344 969 3402 in
990 3341 1076 3403 litore

122 3425 260 3500 ducebat,
281 3432 401 3505 paratus
423 3425 597 3506 confligere,
618 3443 802 3505 quacumque
821 3434 905 3505 parte
926 3427 1076 3507 copiarum
