2546 3936
314 201 408 262 00000
422 164 579 263 00οΗ11000
600 205 644 262 00.
660 206 701 258 01.
715 195 755 280 [0.
774 199 808 262 C.
823 199 883 283 000]
1040 206 1078 272 81

114 385 256 430 acervum
269 366 399 427 hostilia
402 384 489 427 arma
509 366 626 452 subdito
647 368 716 446 lgne
732 368 944 439 concremavit,
962 386 1014 429 scu
1030 386 1079 427 vo·
1091 376 1111 428 0

10 501 12 506 .
73 451 75 454 ’
116 446 180 513 tum
193 451 222 512 id
234 449 358 511 deorum
367 451 492 529 cuipiam
504 445 575 522 1010,
581 451 764 512 0000000000
775 445 945 512 libetFabio
957 453 1080 522 auctori,

103 536 298 606 0010000000,
315 551 438 594 uesuae
459 533 570 612 gloriae
592 535 720 600 fructum
742 535 868 596 dictator
889 543 1010 614 caperet
1025 553 1079 596 no·

118 637 246 698 menque
261 619 304 679 1101
318 617 463 680 scriberet
477 625 527 679 aut
540 617 657 698 000110
648 635 679 678 00
701 617 851 697 triumpho
869 618 970 679 100000.
991 618 1128 680 11010-Ιο

117 721 169 764 000
187 720 304 782 quoque
330 701 367 762 de
393 721 427 762 re
452 720 595 782 prospere
617 709 699 781 gesta
723 701 760 762 ad
784 708 934 773 senatum,
961 720 1022 763 non
1043 701 1080 763 ad

117 787 292 847 dictatorem
323 787 430 847 missae
460 793 665 864 argumentum
696 785 779 846 luere
804 787 926 846 minime
951 803 1016 846 cum
1043 803 1079 848 οο

117 871 364 931 communicantis
380 869 491 932 laudes.
520 873 560 930 ita
578 877 657 932 certe
676 869 802 930 dictator
826 869 856 929 id
871 869 980 930 lactum
995 887 1080 934 acce·

117 956 162 1035 pit
168 957 179 1024 ,'
193 960 226 1013 ut
247 952 331 1014 laetis
347 953 411 1014 aliis
425 955 548 1016 victoria
563 960 646 1034 parta
662 971 734 1032 prae
747 953 971 1014 se-terretiram
988 954 1079 1016 tristi·

115 1041 257 1117 dantque.
286 1038 377 1098 misso
397 1039 495 1116 itaque
516 1043 639 1117 repente
659 1044 763 1098 senatu
782 1055 814 1098 00
836 1055 872 1098 00
888 1038 969 1098 curia
982 1038 1079 1116 00001.-
1089 1045 1122 1099 11

115 1124 195 1203 puit,
212 1129 273 1182 tum
289 1137 429 1181 veronen
445 1122 619 1182 Samnitium
634 1122 727 1199 magis
741 1120 872 1199 legiones
885 1139 972 1200 quant
988 1121 1079 1186 maie·

115 1212 223 1267 statem
247 1204 430 1267 dictatoriam
455 1213 485 1266 ct
504 1205 688 1285 disciplinam
715 1201 871 1265 militarem
895 1223 911 1264 a
937 1205 1079 1282 magistro
1133 1259 1136 1266 .

115 1291 249 1370 equitum
261 1290 367 1356 rictam
380 1297 409 1350 et
424 1307 555 1350 eversam
568 1290 714 1360 dictitans,
729 1290 755 1348 si
765 1287 807 1349 illi
821 1290 931 1367 inpune
945 1296 1077 1367 spretum
1179 1307 1182 1314 ·

115 1374 273 1454 imperium
288 1374 399 1449 luisset.
431 1374 529 1452 itaque
544 1372 649 1452 plenus
662 1374 809 1434 minarum
824 1373 946 1451 iraeque
959 1372 1127 1450 proice-12·
1146 1394 1149 1398 ·

116 1467 165 1517 tus
188 1459 219 1517 10
240 1464 335 1519 castra
359 1475 425 1518 cum
447 1459 582 1518 maximis
609 1456 765 1518 itineribus
785 1457 957 1528 10000000
977 1462 1082 1529 tamen,

116 1543 289 1622 0000000100
303 1542 409 1602 lamam
417 1541 523 1603 adven
510 1549 558 1602 000
570 1543 615 1602 sui
627 1542 730 1622 potuit.
755 1538 985 1620 praecurrerant
996 1540 1074 1600 enim
1087 1547 1121 1600 1³
1173 1563 1176 1568 ·

75 1655 77 1658 ·
116 1625 155 1686 ab
171 1625 245 1686 urbe
255 1643 305 1704 qur
320 1627 504 1695 nuntiarent,
522 1625 693 1686 dictatorem
706 1623 821 1692 avidum
837 1641 951 1703 poenae
966 1623 1076 1693 000100,
1144 1661 1146 1664 -

26 1714 29 1718 ’
115 1708 240 1824 alternis
255 1727 350 1789 paene
365 1707 461 1770 verbis
478 1711 513 1770 Τ.
530 1707 630 1769 Manlii
645 1707 754 1769 sactum
769 1706 949 1768 laudantem.

128 1793 283 1855 ·1111111
311 1792 429 1856 Fabius
435 1793 572 1852 contione
593 1791 740 1871 extemplo
762 1791 883 1852 advocat
870 1799 899 1852 ta
916 1780 1105 1853 01000000ου01
1218 1817 1222 1822 ·

115 1875 224 1938 milites
242 1884 299 1947 est,
315 1883 363 1946 ut,
380 1894 437 1955 qua
454 1877 561 1937 virtute
579 1894 643 1936 rem
662 1875 810 1955 publicam
827 1875 888 1936 ab
879 1893 910 1936 m
912 1876 1077 1936 festissimis
1151 1917 1165 1944 ,-
1190 1908 1193 1914 ·

114 1959 250 2022 hostibus
265 1924 474 2021 defendissent
453 1966 479 2031 0,
497 1959 599 2020 eadem
615 1977 662 2031 se,
679 1961 763 2020 cuius
777 1959 868 2020 ductu
885 1960 1077 2038 auspicioque

115 2046 288 2116 vicisseuts·
297 2043 333 2104 ab
352 2045 500 2124 inpotenti
514 2043 693 2104 crudelitate
719 2043 871 2104 dictatoris
891 2049 1076 2104 tutarentur:

115 2131 218 2188 000100
230 2135 377 2189 amentem
388 2124 505 2199 1001010,
516 2128 624 2188 iratum
632 2127 731 2188 virtuti
743 2126 858 2188 alienae
869 2124 1075 2206 felicitatiq'ue;
1088 2140 1105 2192 2

115 2214 230 2282 furere,
254 2211 332 2291 quod
350 2225 382 2272 se
402 2211 523 2273 absente
543 2209 728 2290 respublica
750 2211 869 2288 egregie
886 2216 967 2287 gesta
983 2218 1076 2280 0000ος

115 2294 219 2374 malle,
244 2299 269 2356 si
289 2302 404 2357 mutare
424 2296 572 2357 fortunam
589 2301 702 2374 posset,
728 2293 805 2372 apud
823 2293 968 2354 Samnites
989 2302 1076 2374 qusam

116 2379 265 2441 Romanos
293 2381 447 2442 victoriam
475 2397 555 2448 0000;
583 2378 741 2458 imperium
770 2377 906 2438 dictitare
932 2385 1106 2457 spretuma

118 2472 266 2544 tamquam
284 2483 343 2525 non
362 2463 465 2524 eadem
480 2470 579 2524 000000
594 2463 721 2542 pugnari
736 2462 875 2530 vetuerit,
892 2479 949 2540 qua
962 2478 1076 2540 pugua-
1158 2478 1160 2483 ’

115 2556 178 2608 tum
195 2548 307 2610 doleat:
324 2556 354 2609 et
369 2555 439 2609 tunc
455 2548 563 2609 invidia
577 2546 712 2627 inpedire
732 2546 869 2606 virtutem
887 2545 1012 2605 alienam
1027 2563 1076 2604 vo·

116 2631 210 2700 101000
220 2632 474 2713 cupidissimisque
485 2650 570 2693 arma
585 2631 663 2692 ablat
650 2637 750 2708 turum
767 2619 856 2691 luisse
872 2627 1022 2700 militibus,
1038 2645 1076 2688 ne

115 2735 148 2776 se
166 2716 288 2789 absente
309 2717 422 2777 moveri
444 2723 580 2796 possent,
606 2722 635 2775 et
658 2713 783 2775 nuncid
804 2713 921 2783 100000,
943 2713 1108 2793 idaegree
1204 2753 1223 2788 ·.

114 2801 192 2878 0001,
210 2801 289 2880 quod
301 2800 411 2861 srueL
424 2801 542 2879 Papirio
557 2817 617 2860 non
627 2817 773 2869 mermes
788 2815 848 2860 non
860 2815 957 2858 maner
948 2795 1076 2857 milites

115 2884 241 2955 1000100,
262 2883 342 2974 quod
360 2901 392 2945 se
409 2883 442 2956 Q
456 2882 565 2945 Fabius
575 2885 749 2962 magistrum
765 2883 846 2962 equit
847 2901 896 2942 um
903 2882 1029 2942 duxerit
1041 2897 1075 2940 ac

116 2982 178 3024 non
194 2984 350 3028 accensum
368 2967 528 3029 dictatoris.
563 2967 634 3047 quid
650 2967 732 3028 illum
748 2967 893 3027 facturum
912 2965 1106 3035 1010000100
1126 2975 1129 2980 '

118 3048 197 3126 quod
212 3049 282 3110 belli
294 3069 378 3112 casus
389 3053 489 3113 100000
500 3053 636 3131 Marsque
649 3053 828 3120 communis,
844 3044 964 3109 aduersa
975 3063 1076 3126 pugna

117 3132 272 3202 euenisset,
289 3152 339 3213 qm
329 3135 404 3196 01101
420 3135 540 3196 00010010
552 3134 700 3204 hostibus
716 3098 877 3232 republica
893 3130 968 3192 bene
983 3136 1074 3207 gesta,

115 3219 157 3276 ita
172 3222 205 3276 ut
220 3233 280 3277 non
297 3217 332 3278 ab
348 3218 397 3280 010
413 3221 501 3280 00100
515 3219 589 3279 0000
604 3216 709 3278 melius
724 3218 788 3294 geri
802 3216 945 3295 potuerit,
962 3211 1073 3292 suppli·
1199 3287 1202 3294 .

115 3301 195 3361 cium
216 3303 358 3445 magistro
379 3305 512 3384 equitum
539 3302 686 3362 mineturl·
704 3316 801 3380 neque
827 3297 910 3359 illum
931 3299 1107 3376 magistron

111 3383 273 3465 equiturn
265 3387 448 3448 infestiorem
460 3404 549 3466 quam
563 3385 690 3448 tribunis
705 3383 844 3454 militum,
865 3400 951 3462 quam
972 3390 1073 3442 centu·

116 3470 266 3542 rionibus,
290 3490 379 3551 quam
399 3469 542 3531 militibus
560 3487 633 3532 esse.
671 3469 695 3531 si
709 3474 822 3583 posset,
843 3468 874 3528 in
889 3483 991 3528 omnes
1010 3483 1073 3526 sae

159 3587 185 3620 0.
204 3586 266 3622 0000
284 3585 352 3622 ruse
372 3586 405 3622 11.
833 3600 835 3608 -
851 3557 870 3616 6
