2538 3946
251 225 314 289 210
425 239 520 282 uraca
532 239 598 280 m.
614 237 683 282 car.
701 225 727 280 b.
743 228 768 280 7.
784 225 809 277 8.
827 216 866 299 [a.
881 241 912 280 u.
931 240 957 280 c.
970 216 1035 299 536]

221 395 307 467 tique
322 405 358 448 ex
371 387 511 466 Hispania
525 386 636 464 legatos
658 394 823 448 censerent.
858 385 931 445 hacc
952 385 1128 455 sententia,
1157 387 1206 464 qui

251 473 395 532 tutissima
410 469 578 540 videbatur,
598 470 683 539 vicit;
708 469 854 550 legatique
871 485 906 528 eo
922 469 1071 528 maturius
1089 467 1206 536 missii

250 553 382 615 Valerius
399 552 522 614 Flaccus
542 559 572 613 ct
593 550 627 621 Q.
649 552 775 614 Baebius
797 550 968 631 Tamphilus
988 551 1172 628 Saguntum
1196 567 1206 622 a

251 637 444 698 Hannibalern
464 644 550 716 atque
570 635 640 696 inde
655 635 875 714 Carthaginem,
895 636 920 694 si
939 651 999 695 non
1018 633 1206 714 absisteretu

250 720 343 790 bello,
364 721 400 782 ad
416 721 520 781 ducem
544 722 640 798 ipsum
663 720 695 779 in
715 737 842 798 poenam
866 716 995 780 foederis
1016 718 1107 797 rupti
1132 718 1206 800 depp

251 805 402 865 scendum.
1205 821 1206 870 i

219 889 238 947 '1
312 887 370 948 Vll.
398 887 473 948 Dum
495 903 528 946 ea
549 885 674 947 Romani
689 892 796 964 parant
815 882 1054 964 consuluntque,
1080 885 1149 944 iam
1174 885 1206 970 Sa

225 977 377 1049 aguntum
395 987 508 1030 summa
531 970 559 1027 ri
579 969 811 1048 oppugnabatur.
850 968 950 1028 civitas
973 985 1007 1027 ea
1027 966 1124 1046 longe
1150 977 1206 1046 opi

251 1053 412 1114 lentissima
433 1051 509 1112 ultra
523 1051 666 1112 Iliberum
690 1054 758 1123 luit,
781 1053 836 1112 sita
853 1067 956 1130 passus
977 1049 1059 1111 mille
1082 1051 1206 1122 ier-mei

251 1137 335 1197 mari.
366 1135 483 1196 oriundi
498 1153 514 1194 a
531 1135 679 1214 Zacyntho
687 1134 781 1196 insula
798 1134 949 1204 dicuntur,
965 1134 1112 1213 mixtique
1129 1137 1206 1216 otiari

222 1219 289 1280 tab
306 1219 401 1279 Ardea
415 1217 590 1280 Rutulorum
611 1218 728 1300 quidam
749 1219 881 1297 generis;
910 1217 1041 1278 ceterum
1062 1218 1097 1277 in
1119 1225 1206 1278 tanta

145 1373 151 1386 ¹
250 1302 333 1363 brevi
350 1309 505 1364 creverant
519 1319 590 1383 opes
605 1320 658 1362 seu
672 1303 826 1362 maritimis
837 1319 889 1362 seu
901 1299 1097 1361 terrestribus
1110 1301 1206 1384 iructi

250 1385 306 1447 bus
321 1403 373 1447 seu
386 1385 580 1446 multitudinis
594 1387 777 1447 incremento
794 1403 848 1445 scu
859 1383 1030 1463 disciplinae
1044 1386 1206 1446 sanctitate

251 1487 308 1548 qua
323 1469 411 1530 fldem
426 1468 564 1530 socialem
580 1487 672 1548 usque
694 1469 730 1529 ad
750 1469 914 1547 perniciem
937 1484 1019 1528 suam
1043 1465 1196 1528 coluerun

225 1552 400 1613 4Hannibal
414 1553 521 1613 iniesto
539 1554 669 1613 exercitu
691 1554 842 1630 ingressus
861 1551 928 1612 linis
947 1551 1125 1629 pervastatis
1150 1570 1204 1630 pa.

223 1644 239 1693 5
253 1637 307 1696 sim
324 1637 403 1712 agris
417 1635 521 1695 urbem
538 1637 686 1712 tripertito
701 1635 880 1712 adgreditur.
908 1631 1033 1711 angulus
1049 1635 1134 1694 muri
1154 1653 1182 1694 er
1203 1635 1206 1718 ’χ

251 1719 283 1776 in
308 1717 472 1795 planiorem
499 1720 753 1796 patentioremque
773 1737 860 1797 quam
882 1718 1081 1781 eeteracirca
1102 1717 1206 1800 valle..I

251 1817 390 1878 vergens:
414 1799 552 1861 adversus
573 1817 639 1861 eum
660 1802 759 1861 vineas
783 1819 870 1879 agere
891 1801 1032 1869 instituit,
1057 1817 1115 1878 per
1142 1805 1206 1880 quai

225 1885 329 1944 caries
354 1882 510 1944 moenibus
533 1883 681 1944 admoveri
706 1891 814 1962 posset.
866 1883 918 1946 sed
941 1890 975 1945 ut
999 1881 1081 1943 locus
1103 1873 1206 1966 procul

250 1985 336 2027 muro
356 1968 427 2028 satis
448 1984 558 2046 aequus
578 1967 699 2045 agendis
717 1969 809 2028 vineis
830 1968 900 2038 luit,
921 1969 962 2028 ita
981 1966 1206 2047 haudquaquam?

249 2068 405 2129 prospere,
420 2059 575 2131 postquam
586 2050 622 2111 ad
634 2051 770 2112 ellectum
782 2053 879 2130 operis
890 2057 1008 2112 ventum
1021 2056 1078 2120 est,
1095 2047 1206 2130 coeptis

222 2132 433 2195 tsuccedebat.
463 2142 493 2195 et
511 2136 602 2195 turris
621 2135 727 2213 ingens
741 2132 917 2204 inminebat,
934 2141 963 2195 et
977 2151 1090 2204 murus,
1119 2141 1154 2194 ut
1177 2136 1206 2214 ini

250 2224 386 2294 suspecto
401 2216 480 2288 loco,
504 2235 593 2297 supra
613 2225 729 2280 ceterae
744 2219 864 2280 modum
883 2217 1045 2279 altitudinis
1058 2219 1206 2278 emunitus}

250 2307 329 2370 erat,
343 2310 373 2361 et
388 2301 522 2363 iuventus
534 2300 661 2372 delecta,
675 2302 728 2363 ubi
740 2301 900 2381 plurimum
911 2298 1037 2381 periculi
1047 2318 1080 2362 ae
1090 2303 1206 2362 timoris}

222 2383 473 2455 oostendehator,
488 2385 530 2445 ibi
544 2386 573 2444 vi
587 2387 699 2446 maiore
714 2385 904 2446 obsistebant.
937 2403 972 2444 ae
992 2386 1086 2464 primo
1105 2387 1206 2450 missi-i

249 2466 326 2527 libus
344 2467 518 2528 submovere
538 2469 653 2528 bostem
674 2470 906 2549 necquicquam
929 2469 999 2529 satis
1023 2474 1113 2528 tutum
1137 2487 1206 2548 mu·3

250 2550 399 2611 nientibus
411 2553 484 2630 pati,
502 2551 608 2613 deinde
625 2553 684 2612 iam
702 2569 762 2612 non
776 2570 831 2630 pro
845 2551 1001 2612 moenibus
1014 2544 1099 2612 modo
1113 2555 1206 2631 atquei

249 2635 325 2694 turri
340 2634 397 2694 tela
408 2636 533 2706 micare,
556 2634 607 2695 sed
632 2634 669 2695 ad
686 2635 899 2715 erumpendum
916 2637 1003 2695 etiam
1019 2636 1050 2694 in
1062 2629 1206 2706 stationes}

220 2723 397 2795 toperaque
413 2719 541 2779 hostium
557 2719 672 2779 animus
687 2725 764 2789 erat;
783 2718 890 2798 quibus
902 2717 1094 2779 tumultuariis
1103 2725 1206 2800 certa-i

249 2797 377 2858 minibus
388 2800 466 2860 haud
477 2801 571 2861 terme
580 2800 681 2879 plures
688 2802 842 2879 Saguntini
853 2801 998 2862 cadebant
1007 2819 1088 2880 quam
1096 2801 1192 2862 Poeni.
1205 2801 1206 2880 i

207 2886 281 2940 10ut
296 2896 366 2938 vero
381 2880 527 2942 Hannibal
542 2883 618 2961 ipse,
642 2884 711 2945 dum
731 2902 848 2945 murum
869 2885 1012 2946 incautius
1037 2884 1120 2955 subit,
1143 2883 1206 2946 adi

248 2980 365 3024 versum
387 2963 484 3024 femur
500 2963 616 3042 tragula
636 2968 763 3042 graviter
777 2968 853 3027 ictus
877 2968 997 3040 cecidit,
1023 2975 1097 3032 tanta
1116 2969 1206 3044 circa]

248 3047 317 3126 luga
333 3064 367 3146 ac
380 3047 537 3126 trepidatio
550 3047 619 3119 luit,
632 3056 665 3109 ut
679 3066 739 3110 non
752 3048 876 3111 multum
886 3049 1015 3123 abesset,
1031 3053 1095 3131 quin
1105 3060 1188 3131 opera
1205 3045 1206 3122 i

248 3147 283 3191 ac
299 3132 400 3192 vineae
414 3131 631 3193 desererentur.
1205 3149 1206 3174 i

216 3221 234 3281 1
312 3213 384 3274 Vlll.
415 3214 535 3276 Obsidio
562 3216 668 3278 deinde
692 3234 747 3296 per
771 3235 880 3296 paucos
906 3218 969 3279 dies
994 3221 1081 3298 magis
1105 3237 1183 3298 quam

247 3299 426 3377 oppugnatio
441 3298 510 3370 luit,
534 3299 604 3360 dum
625 3299 730 3362 vulnus
751 3302 834 3361 ducis
853 3304 1016 3363 curaretur.
1048 3320 1096 3380 per
1112 3303 1183 3381 quod
1205 3315 1206 3386 ξ

247 3386 363 3458 tempus
376 3388 409 3440 ut
420 3383 503 3460 quies
518 3385 711 3444 certaminum
726 3391 803 3453 erat,
816 3385 854 3444 ita
870 3384 907 3445 ab
922 3393 1059 3464 apparatu
1072 3403 1181 3463 operum
1205 3395 1206 3451 i

210 3462 495 3523 ammonitionum
515 3464 590 3524 nibil
605 3473 758 3526 cessatum.
794 3467 892 3546 itaque
917 3469 1013 3528 aerius
1029 3467 1062 3527 de
1077 3469 1179 3546 integro
1205 3455 1206 3520 l
