2538 3946
200 232 265 292 194
400 241 494 284 Lmen
507 245 538 284 x.
555 241 624 284 car.
644 230 688 283 41.
702 231 746 284 42.
762 219 802 303 [e.
818 245 849 283 u.
865 244 892 283 c.
907 222 969 304 461]

202 393 294 482 bostis
321 390 481 460 accideret,
503 397 621 469 captum
645 391 825 462 Cominium,
844 391 994 451 ¹victorem
1017 389 1164 469 collegam
1238 389 1239 472 g

202 476 319 546 adesse;
347 474 550 535 adniterentur
569 476 701 545 vincere,
730 476 900 554 priusquam
923 473 1016 552 gloria
1040 473 1165 538 alterius
1238 481 1239 498 ²

172 562 348 621 8exercitus
363 559 456 619 lieret
487 559 561 619 baec
570 557 702 618 insidens
713 577 798 638 equo.
831 557 900 619 inde
915 557 1041 620 uibunie
1058 565 1164 620 centu·

201 642 391 722 manibusque
409 644 550 721 imperat,
571 649 604 702 ut
623 643 698 701 viam
720 642 866 721 equitibus
886 643 1075 720 patefaciant;
1096 643 1163 722 ipse

200 725 350 788 Trebonio
371 725 564 805 Caedicioque
587 725 788 804 praedixerat,
810 733 858 796 ut,
880 725 932 786 ubi
952 744 984 787 se
1005 726 1162 804 cuspidem

200 819 329 872 erectam
344 811 524 890 quatientem
541 808 693 880 vidissent,
716 817 825 889 quanta
839 810 1009 871 maximati
1029 818 1161 890 possent,

172 896 383 955 aconcitarent
394 896 507 974 equites
524 895 555 954 in
569 893 694 954 hostem
724 894 761 954 ad
772 901 875 954 nutum
888 895 987 954 omnia
997 901 1030 954 ut
1045 911 1081 955 ex
1091 902 1161 958 ante
1238 927 1239 980 q

198 987 374 1059 praeparato
398 979 486 1039 llunt·
507 977 676 1056 panduntur
692 978 770 1038 inter
786 977 908 1039 ordines
925 979 1003 1047 viae,
1027 976 1161 1056 provolat

100 1056 104 1064 ’
199 1081 289 1141 eques
304 1070 391 1141 atque
405 1060 519 1122 infestis
535 1059 728 1140 cuspidibus
719 1079 751 1121 ιιι
765 1061 895 1123 medium
907 1079 1013 1140 agmen
1029 1062 1158 1122 hostium

200 1147 274 1214 ruit,
295 1146 518 1226 perrumpitque
540 1145 674 1215 ordines,
701 1162 884 1233 quacumque
903 1146 1047 1223 impetum
1070 1145 1159 1206 dedit.

158 1230 311 1290 loinstant
330 1227 502 1290 Volumnius
523 1236 553 1290 et
573 1229 671 1308 Scipio
693 1237 722 1288 et
742 1226 894 1308 perculsos
914 1235 1059 1290 sternunt
1095 1237 1158 1289 tum
1238 1281 1239 1302 2

199 1314 258 1374 iam
282 1314 403 1374 deorum
425 1313 635 1392 hominumque
655 1312 730 1373 victa
748 1313 806 1374 vis:
838 1312 1001 1389 funduntur
1022 1313 1158 1374 linteatae
1238 1317 1239 1384 ξ

201 1397 352 1467 cohortes;
367 1399 477 1476 pariter
488 1397 575 1457 iurati
585 1398 762 1477 iniuratique
772 1397 903 1476 lugiunt,
915 1415 971 1468 nec
982 1415 1159 1476 quemquam
1238 1415 1239 1480 q

156 1488 185 1538 ιι
198 1489 318 1560 praeter
333 1482 432 1543 hostes
447 1487 591 1542 metuunt.
624 1480 755 1560 peditum
777 1499 900 1559 agmen,
922 1478 1001 1560 quod
1015 1481 1160 1560 superfuit
1238 1487 1239 1540 l

196 1583 327 1644 pugnae,
347 1567 378 1625 in
395 1573 489 1626 castra
512 1573 562 1626 aut
578 1565 762 1644 Aquiloniam
783 1563 956 1663 conpulsum
974 1571 1032 1635 est,
1053 1563 1159 1624 nobili·
1238 1563 1239 1570 ’

197 1657 242 1710 tas
258 1651 428 1728 equitesque
445 1649 604 1709 bovianum
624 1648 828 1727 perlegerunt.
868 1649 981 1726 equites
1002 1665 1091 1726 eques
1111 1665 1158 1707 se·
1167 1694 1211 1744 4

198 1733 312 1810 quitur,
322 1733 460 1818 peditem
474 1732 581 1810 pedes;
601 1731 714 1792 diversa
730 1750 840 1794 cornua
856 1730 991 1791 dexuum
1007 1729 1044 1789 ad
1062 1737 1209 1791 castra:.

151 1822 188 1872 ἰι
200 1798 390 1886 Samnitium,
409 1814 522 1876 laeuum
538 1814 574 1875 ad
585 1815 690 1876 urbem
706 1816 810 1876 tendit
849 1817 929 1895 prior
940 1812 1087 1892 aliquanto
1098 1813 1191 1882 Vo··;.

198 1898 326 1960 lumnius
343 1907 439 1960 castra
455 1900 547 1978 cepit;
564 1898 600 1958 ad
616 1897 722 1960 urbem
741 1899 872 1980 scipioni
884 1899 995 1959 maiore
1010 1896 1199 1966 resistitur

197 1983 239 2053 vi,
259 1999 319 2043 non
335 1984 402 2063 quia
416 1981 482 2061 plus
500 1985 590 2043 animi
605 1984 687 2043 vietis
703 1990 761 2054 est,
785 1981 837 2044 sed
854 1981 958 2043 melius
974 1982 1052 2042 muri
1068 1997 1155 2059 quam

195 2065 303 2128 vallum
320 2075 447 2127 armatos
460 2075 576 2128 arcent:
594 2067 666 2128 inde·
677 2065 822 2146 lapidibus
836 2065 1010 2146 propulsant
1027 2065 1157 2126 bostem.
1238 2127 1239 2132 ,

155 2157 187 2208 13
198 2151 305 2228 Scipio,
318 2152 374 2211 nisi
385 2153 414 2210 iu
425 2153 521 2230 primo
529 2169 646 2232 pavore,
659 2153 829 2231 priusquam
839 2149 1048 2228 colligerentur
1057 2148 1155 2216 animi,

196 2241 340 2294 transacta
363 2253 412 2295 res
432 2243 523 2305 esset,
548 2235 703 2296 lentiorem
727 2233 792 2295 iore
812 2235 942 2295 munitae
959 2232 1042 2294 urbis
1062 2249 1155 2311 oppu-

196 2319 364 2396 gnationem
375 2325 471 2390 ratus,
483 2319 647 2397 interrogat
658 2317 780 2388 milites,
795 2319 871 2380 satin
883 2335 976 2396 aequo
991 2317 1088 2378 anirno
1103 2333 1155 2394 pa·

196 2408 330 2462 terentur
342 2400 377 2462 ab
391 2401 483 2464 altero
495 2422 589 2464 cornu
598 2411 694 2464 castra
705 2411 790 2482 capta
804 2421 885 2472 esse,
902 2419 934 2462 se
946 2403 1072 2462 uictores
1085 2397 1156 2478 pelli

156 2492 214 2545 tta
229 2487 323 2565 portis
337 2485 430 2549 urbis.
463 2487 692 2548 reclamantibus
708 2488 851 2548 universis
864 2487 978 2564 primus
993 2485 1057 2563 ipse
1072 2490 1155 2544 scuto
1238 2547 1239 2550 ,

196 2587 285 2648 super
306 2577 393 2650 caput
407 2570 485 2631 elato
506 2572 605 2649 pergit
622 2569 658 2630 ad
680 2578 810 2648 portam,
832 2570 925 2630 secuti
939 2567 988 2628 alii
1010 2567 1154 2628 testudine
1238 2609 1239 2614 η

197 2653 274 2714 lacta
286 2653 316 2714 in
327 2654 432 2714 urbem
444 2660 650 2734 perrumpunt,
663 2654 883 2732 deturbatisque
892 2650 1073 2714 Samnitibus
1080 2668 1154 2730 quae

196 2738 273 2798 circa
283 2747 399 2816 portam
412 2748 497 2799 erant
507 2739 585 2799 muri
597 2756 792 2816 occupaver03
804 2745 961 2817 penetrare
973 2738 1004 2796 in
1014 2736 1154 2796 interiora

171 2819 287 2888 turbis,
298 2823 365 2897 quia
376 2825 463 2899 pauci
474 2821 632 2883 admodum
644 2828 736 2892 erant,
748 2839 807 2882 uon
819 2820 937 2883 audent
966 2818 1051 2880 XLII.
1074 2817 1154 2878 Haec
1238 2883 1239 2886 Ἴ

196 2903 293 2981 primo
304 2903 443 2978 ignorare
451 2904 553 2966 consul
565 2912 595 2964 et
603 2906 733 2966 intentus
744 2904 914 2984 recipiendo
926 2901 1066 2966 exercitui
1073 2918 1152 2962 esse:
1238 2903 1239 2966 ἶ

197 2987 255 3046 iarn
273 2986 351 3045 enim
370 3003 513 3066 praeceps
532 2989 563 3046 in
577 3005 714 3048 occasum
731 2988 774 3049 sol
789 2996 866 3060 erat,
889 2996 918 3049 et
932 2988 1074 3067 adpetens
1096 3002 1154 3045 nox
1238 3011 1239 3040 t

169 3067 543 3150 apericulosaetsuspecta
556 3071 654 3131 omnia
667 3071 754 3132 etiam
762 3069 1064 3134 victoribuslaciebat.
1085 3085 1153 3148 pro·
1238 3069 1239 3072 ’

197 3171 315 3231 gressus
330 3152 446 3233 longius
460 3154 496 3216 ab
511 3155 613 3216 dextra
629 3161 713 3234 capta
730 3163 825 3217 castra
840 3155 933 3226 videt,
949 3153 985 3214 ab
1001 3152 1080 3214 laeva
1096 3151 1153 3211 cla·

197 3254 311 3297 morem
326 3238 358 3296 in
369 3236 443 3298 urbe
460 3240 581 3300 mixtum
596 3241 789 3322 pugnantium
804 3259 838 3301 ac
852 3240 1021 3319 pauentium
1035 3236 1152 3296 lremitu

110 3323 271 3380 besse.
303 3327 333 3380 et
344 3329 404 3382 tum
419 3321 495 3384 lorte
508 3331 657 3384 certamen
669 3317 706 3382 ad
722 3331 837 3402 portam
850 3329 922 3383 erat
950 3320 1088 3381 advectus
1103 3317 1152 3376 de·
1225 3391 1226 3398 ἵ

198 3402 266 3462 inde
281 3421 356 3482 equo
373 3407 495 3484 propius
513 3413 546 3467 ut
566 3425 634 3467 suos
652 3407 684 3465 in
700 3409 792 3467 muris
807 3406 884 3467 ridet
901 3423 956 3464 nee
976 3405 1036 3464 iam
1048 3401 1151 3479 integri
1209 3398 1223 3480 ξι

198 3485 355 3563 quicquam
369 3504 449 3560 esse,
466 3491 602 3564 quoniam
617 3491 779 3550 temeritate
795 3505 956 3568 paucorum
971 3503 1095 3564 magnae
1110 3485 1152 3544 rei
1208 3498 1224 3538 ι
