2542 3956
335 186 429 228 urana
444 187 522 230 xxrr.
538 185 606 228 cnr.
623 172 667 229 co.
684 165 723 248 [a.
740 169 774 230 0.
789 167 849 250 216]
1010 174 1071 236 315

108 333 225 404 durae,
242 341 274 394 ut
285 337 432 412 plerisque
443 331 584 409 videatur,
604 335 778 408 severitatis,
793 334 990 413 interrogatus
1005 353 1071 396 sen·

108 419 239 478 tentiam
259 417 299 476 lta
317 414 431 476 locutus
451 415 556 477 fertur:
581 417 635 486 „si
657 417 859 478 tantummodo
879 419 1101 498 postulassentt

109 499 205 579 legati
216 517 272 579 pro
282 503 335 569 iis,
350 499 401 578 qui
410 499 443 558 in
456 501 584 562 nostium
594 509 738 584 potestate
747 507 828 571 sunt,
847 509 879 561 ut
891 501 1071 564 redimeren-

109 591 180 654 tur,
203 584 266 644 sine
280 580 366 642 ullius
383 583 576 644 insectatione
589 601 692 645 eorum
712 583 794 644 brevi
813 586 988 645 sententiam
1005 603 1072 664 per·

111 667 261 744 egissem:
279 663 348 744 quid
363 666 441 726 enim
453 665 530 726 aliud
541 685 629 746 quarn
639 666 818 728 admonendi
831 669 946 742 essetis,
961 674 995 727 ut
1008 686 1070 728 mo·
1083 677 1098 724 t

110 767 181 808 rem
191 747 355 811 tradituma
366 747 500 827 patribus
510 751 675 811 necessario
688 750 798 811 adrem
810 749 965 811 militarem
975 767 1073 812 exem·

109 831 166 910 plo
177 833 340 893 servaretis.
374 849 454 891 nunc
464 839 575 904 autern,
591 851 657 894 curu
668 850 763 913 prope
777 832 892 912 gloriati
906 835 978 905 sint,
994 831 1073 911 quod

111 933 149 976 se
164 914 298 976 hostibus
313 913 491 986 dediderint,
513 915 716 996 praeferrique
737 934 798 977 non
819 919 912 995 captis
932 915 1020 976 modo
1042 917 1073 975 in

111 999 180 1059 acie
192 997 229 1058 ab
241 997 387 1067 hostibus,
403 998 455 1058 sed
466 999 554 1060 etiam
564 1001 614 1069 iis,
630 1001 680 1078 qui
690 1000 846 1061 Venusiam
858 1001 1073 1079 Canusiumque

110 1089 328 1160 pervenerunt,
351 1089 437 1161 atque
457 1083 515 1160 ipsi
536 1082 567 1144 G.
583 1081 722 1142 Terentio
748 1081 860 1144 consuli
879 1101 980 1144 aecum
1003 1099 1072 1142 cen·

111 1165 244 1235 suerint,
260 1162 333 1225 nihil
343 1182 395 1224 vos
410 1182 527 1232 eorum,
542 1172 642 1242 patres
656 1167 828 1245 conscripti,
845 1183 919 1244 quae
933 1165 993 1226 illic
1006 1171 1099 1225 actas

113 1253 200 1318 sunt,
218 1248 357 1322 ignorare
371 1247 475 1324 patiar.
509 1254 596 1326 atque
611 1249 723 1309 utinam
739 1247 827 1319 hacc,
844 1266 918 1326 quae
934 1247 1010 1327 apud
1022 1266 1073 1309 vos

111 1338 234 1391 acturus
251 1347 331 1400 sum,
347 1329 454 1391 Canusi
470 1330 546 1408 apud
562 1331 658 1408 ipsum
673 1332 834 1392 exercitum
849 1346 980 1408 agerem,
997 1331 1072 1410 cpti-

10 1441 11 1446 1
112 1430 197 1475 mum
209 1418 315 1472 testem
325 1413 457 1490 ignaviae
468 1414 608 1492 cuiusque
620 1421 650 1474 et
659 1414 789 1484 virtutis,
805 1420 855 1474 aut
865 1431 942 1474 unus
955 1413 1004 1473 bic
1015 1411 1071 1474 sal-

109 1500 175 1554 tem
194 1493 310 1554 adesset
333 1495 365 1554 P.
387 1495 599 1591 Sempaonius,¹
617 1515 704 1576 quem
730 1499 756 1559 si
780 1498 828 1558 isti
855 1496 958 1558 ducem
978 1497 1071 1556 secuti

112 1585 228 1648 essent,
248 1576 355 1638 milites
375 1576 463 1638 bodie
484 1579 515 1638 iu
537 1582 640 1641 castris
657 1581 811 1650 Romania,
835 1597 896 1642 non
916 1580 1021 1657 captivi
1040 1580 1071 1638 in

110 1659 242 1722 bostium
257 1669 400 1740 potestate
414 1669 521 1723 esseut.
554 1663 606 1724 sed
621 1681 687 1724 cum
704 1663 789 1725 sessis
804 1661 962 1742 pugnando
980 1662 1100 1722 hosti-tt

111 1741 181 1815 bus,
203 1751 265 1804 tum
280 1745 401 1805 victoria
414 1742 498 1806 laetis
514 1753 545 1805 et
559 1747 632 1826 ipsis
644 1808 646 1812 ,
654 1745 803 1826 plerisque
817 1747 959 1824 regressis
976 1746 1007 1804 in
1023 1763 1070 1806 ca·

9 1841 10 1844 ’
111 1834 174 1887 stra
188 1845 255 1897 sua,
278 1835 395 1888 uectem
414 1827 450 1887 ad
468 1829 682 1908 erumpendum
696 1829 819 1891 liberam
835 1826 1020 1899 habuissent,
1042 1836 1071 1889 et

111 1916 224 1988 septem
243 1908 323 1971 milia
349 1917 528 1972 armatorum
551 1912 704 1972 bominum
726 1929 881 1991 erumpere
902 1913 989 1972 etiam
1009 1929 1070 1986 per

113 1993 261 2068 confertos
269 1993 369 2055 hostes
379 2003 519 2072 possent,
535 2013 631 2075 neque
646 2012 700 2072 per
711 2013 743 2055 se
754 1997 811 2072 ipsi
821 1994 851 2053 id
863 1994 960 2054 lacere
972 1995 1069 2053 conati

111 2084 180 2137 sunt
199 2093 295 2156 neque
317 2075 406 2137 alium
428 2078 511 2155 sequi
530 2077 694 2137 voluerunt.
734 2084 819 2137 nocte
841 2094 935 2155 prope
956 2082 1017 2137 tota
1034 2075 1066 2136 P.
1078 2082 1110 2134 lu

111 2159 304 2238 Sempronius
315 2158 478 2219 Tuditanus
492 2176 553 2218 non
565 2159 675 2221 destitit
689 2155 828 2229 monere,
842 2159 992 2220 adhortari
1008 2177 1066 2229 eos,

112 2239 181 2301 dum
197 2242 329 2320 paucitas
340 2241 469 2302 hostium
482 2242 560 2302 circa
574 2250 683 2314 eastra,
699 2242 768 2304 dum
780 2245 863 2322 quies
874 2261 908 2302 ac
920 2241 1068 2302 silentium

112 2330 202 2393 esset,
223 2323 294 2384 dum
308 2341 367 2384 nox
383 2325 532 2403 inceptum
547 2332 648 2402 tegere
662 2337 762 2404 posset
794 2345 826 2386 se
841 2325 945 2385 ducem
963 2341 1067 2404 seque·

111 2413 228 2467 rentur:
250 2413 317 2467 ante
339 2405 434 2467 lucem
454 2409 609 2486 pervenire
629 2409 658 2468 in
681 2416 741 2468 tuta
762 2407 838 2477 loca,
868 2409 900 2467 tn
919 2407 1067 2467 sociorum
1115 2419 1117 2426 ’

9 2503 11 2564 i
111 2487 199 2550 urbes
213 2507 310 2568 posse.
339 2493 368 2550 si
384 2491 459 2551 siem
473 2508 592 2552 avorum
608 2495 750 2552 memoria
764 2491 795 2552 P.
811 2491 915 2552 Decius
931 2489 1065 2550 tribunus
1077 2497 1106 2548 11

9 2605 11 2636 t
111 2571 234 2633 militum
249 2573 281 2632 in
296 2573 425 2642 Samnio,
452 2574 528 2635 sicut
542 2572 627 2634 nobis
641 2573 875 2636 adulescentibus
894 2574 994 2651 priore
1008 2571 1066 2633 Pn-

112 2655 176 2717 nicc
196 2654 275 2716 bello
290 2654 465 2735 Calpurnius
479 2655 609 2719 Flamma
629 2659 769 2718 trecentis
790 2655 974 2725 voluntariis,
999 2673 1065 2715 cum

112 2739 147 2799 nd
165 2737 311 2800 tumulum
332 2757 383 2802 eos
408 2739 582 2818 capiendum
602 2741 690 2801 situm
711 2739 921 2800 intermedius
945 2737 1067 2798 duceret

111 2823 215 2893 hostis,
231 2823 318 2884 dixit:
339 2823 540 2894 „moriamur,
555 2822 677 2894 milites,
694 2829 833 2884 et'morte
848 2829 947 2883 nostra
959 2821 1065 2900 eripia-

111 2924 173 2964 mus
189 2925 225 2966 ex
240 2906 393 2968 obsidione
410 2909 622 2968 circumventas
636 2906 805 2986 legiones,“
821 2907 846 2966 si
861 2905 917 2966 hoc
932 2904 964 2965 P.
980 2905 1107 2966 Sem-12

112 2989 230 3067 pronius
245 2988 370 3060 diceret,
386 3008 442 3050 nec
456 2992 533 3051 viros
548 2989 684 3069 equidem
705 3008 761 3050 nec
775 2990 927 3070 ,Romanos
947 3005 998 3048 vos
1011 2986 1064 3045 du-

113 3087 223 3138 cerem,
238 3071 265 3134 st
279 3088 366 3131 nemo
380 3080 479 3132 tantae
493 3075 608 3133 virtutis
620 3073 761 3133 extitisset
776 3089 884 3130 comes.
914 3070 991 3128 viam
1002 3085 1061 3127 non
1075 3076 1106 3126 13

113 3153 146 3213 od
162 3151 285 3230 gloriam
309 3156 402 3230 magis
419 3172 506 3232 quam
521 3153 558 3213 ad
573 3153 694 3213 salutern
709 3155 854 3214 ierentem
872 3152 1062 3219 demonstrat,

113 3235 232 3296 reduces
247 3235 279 3298 iu
299 3237 438 3314 patriam,
460 3235 496 3296 ad
516 3238 660 3316 parentis,
684 3237 720 3296 ad
741 3237 880 3312 coniuges
900 3251 934 3293 ac
953 3232 1064 3293 liberos

114 3320 186 3380 lacit.
214 3327 248 3380 ut
262 3319 433 3389 servemini,
452 3318 534 3380 deest
551 3319 631 3379 vobis
646 3320 773 3379 animus:
792 3317 876 3396 quid,
892 3317 918 3376 si
931 3317 1059 3376 morien-
1072 3323 1105 3375 14

115 3402 178 3463 dum
192 3417 249 3480 pro
265 3403 360 3481 patria
370 3407 459 3472 esset,
474 3401 628 3463 laceretis?
645 3403 853 3482 quinquaginta
865 3399 945 3462 milia
957 3401 1062 3462 civium
