2538 3946
288 233 381 280 omna
394 235 458 276 xxr.
475 234 544 278 ear.
560 221 604 277 20.
619 221 662 278 21.
678 211 718 297 [a.
736 215 771 278 (l.
788 213 850 298 218]
989 221 1049 284 221

89 387 197 444 contra
220 397 252 441 ea
275 379 377 441 audire
397 391 462 442 sese
482 382 577 459 gentis
598 399 668 442 suae
690 381 825 443 homines
840 399 911 460 agro
931 381 1082 444 finibus-u

93 481 152 546 que
165 463 265 525 ltaliae
278 462 349 543 pelli
365 482 381 524 a
396 463 505 543 populo
519 465 652 526 Romano
668 465 904 544 stipendiumque
920 466 1052 546 pendere
1075 485 1076 488 ¹
1181 497 1186 504 ·

55 612 60 621 .
89 558 124 608 et
144 554 244 620 cetera
266 547 387 624 indigna
404 549 474 626 pati.
523 547 626 608 eadem
646 547 741 609 ferme
761 549 794 608 in
814 550 921 609 ceteris
942 548 1081 611 Galliaer

89 629 228 692 conciliis
251 629 329 690 dieta
350 629 519 711 auditaque;
546 647 603 691 nec
623 629 768 710 hospitale
789 633 945 711 quicquam
965 650 1052 711 paca·

92 721 194 774 tumve
215 713 285 774 satis
307 714 390 794 prius
411 714 554 784 auditum,
576 732 664 794 quam
679 713 835 776 Massiliam
858 732 976 776 venere.
1012 715 1083 776 ibis
1140 777 1142 782 ,

89 799 193 857 omnia
208 795 244 856 ab
260 797 347 856 sociis
361 797 498 876 inquisita
512 815 579 858 cum
598 815 670 858 cura
684 815 719 858 ao
737 797 796 857 fide
813 799 945 876 cognita:
967 815 1054 878 prae·

89 885 255 959 occupatos
276 881 335 940 iam
356 887 423 941 ante
444 879 480 940 ab
495 879 659 942 Hannibale
675 879 825 942 Gallorum
846 883 960 942 animos
975 899 1053 952 esse;

95 962 148 1023 sed
165 980 204 1022 ne
222 961 266 1022 illi
281 962 399 1042 quidem
418 965 475 1040 ipsi
494 965 565 1025 satis
585 963 686 1025 mitem
710 970 828 1041 gentem
841 963 907 1025 lore
925 999 960 1010 -
981 965 1055 1025 adeo

95 1045 210 1107 ferocia
225 1053 311 1124 atque
325 1045 468 1108 indomita
485 1047 603 1124 ln'genia
619 1063 683 1122 esse
693 1079 750 1118 -,
776 1047 807 1106 ni
827 1045 951 1107 subinde
973 1066 1054 1118 auro,

19 1173 21 1178 .
91 1131 180 1190 »cuins
201 1128 365 1190 aridissima
380 1147 453 1207 gens
473 1136 529 1200 est,
550 1131 717 1209 principum
741 1130 831 1190 animi
852 1131 1054 1192 concilientur.

94 1214 136 1272 ita
158 1213 323 1292 peragratis
337 1211 493 1290 Hispaniae
517 1219 547 1272 et
561 1211 670 1274 Galliae
691 1211 807 1292 populis
829 1210 918 1291 legati
932 1213 1083 1275 Romame

95 1295 225 1355 redeunt
238 1294 317 1355 haud
333 1297 375 1355 ita
388 1295 481 1355 multo
495 1303 577 1374 post,
593 1314 681 1376 quam
695 1294 830 1356 consules
844 1297 877 1356 in
891 1299 1055 1374 provincias

95 1377 224 1456 proiecti
246 1384 339 1438 erant.
373 1378 518 1438 civitatem
539 1396 656 1440 omnem
680 1377 739 1460 [in]
762 1382 963 1457 expectatione
986 1379 1057 1440 belli

94 1467 228 1521 erectam
250 1461 439 1531 invenerunt,
466 1463 536 1522 satis
560 1467 711 1523 constante
737 1461 815 1522 lama
836 1462 894 1523 iam
914 1462 1057 1524 Hiberum

19 1587 20 1608 2
99 1541 216 1608 Poenos
231 1545 403 1604 tramisisse.

20 1636 23 1648 '
162 1625 237 1688 XXI.
274 1625 421 1688 Hannibal
449 1625 579 1705 Sagunto
607 1634 693 1707 capto
718 1628 926 1706 Carthaginem
954 1636 1085 1690 novamt

99 1712 131 1770 ln
144 1707 269 1770 hiberna
289 1717 488 1782 concesserat,
503 1711 603 1791 ibique
618 1711 737 1794 auditiS,
757 1729 831 1791 quae
845 1711 955 1773 Romae
970 1730 1058 1792 quae·

95 1812 157 1873 que
171 1793 348 1872 Carthagine
365 1801 429 1854 acta
445 1793 621 1875 decretaque
642 1793 753 1865 lorebt,
775 1813 864 1874 seque
879 1813 939 1856 non
953 1795 1059 1856 ducem

28 1898 33 1918 r
102 1876 197 1937 solum
212 1877 366 1940 sedetiam
384 1895 501 1938 causam
517 1895 582 1939 esse
599 1877 684 1948 belli,
707 1878 822 1957 partitis
838 1879 992 1938 divenditis
1012 1885 1088 1939 re·2

101 1955 198 2039 liquiis
226 1960 354 2040 praedae
384 1959 458 2021 nibil
483 1960 561 2024 ultra
589 1961 784 2021 differendum
811 1967 907 2030 ratus,
937 1960 1060 2039 Hispani

99 2044 218 2120 generis
232 2043 340 2104 milites
352 2050 501 2105 convocat.
535 2043 652 2114 „eredo
667 2061 722 2120 ego
737 2050 813 2102 vos“
827 2043 937 2121 inquit,
953 2089 970 2114 „
979 2043 1059 2111 socii,
1073 2047 1089 2100 3

98 2133 131 2186 et
152 2128 231 2204 ipsos
253 2144 377 2188 cernere
402 2128 514 2206 pacatis
533 2124 670 2186 omnibus
691 2125 848 2204 Hispaniae
875 2124 990 2204 populis
1012 2133 1061 2187 aut

100 2209 260 2270 finiendam
287 2208 373 2269 nobis
398 2207 532 2269 militiam
559 2209 763 2286 exercitusque
785 2207 974 2270 dimittendos
996 2225 1060 2268 esse

100 2296 153 2350 aut
173 2292 204 2351 in
223 2289 295 2352 alias
312 2299 408 2352 terras
431 2289 667 2352 transferendum
689 2289 816 2352 bellum:
841 2293 882 2351 ita
902 2293 981 2352 enim
1006 2291 1089 2351 baed

101 2380 206 2452 gentes
221 2391 281 2434 non
303 2375 384 2453 pacis
400 2373 508 2445 solum,
532 2374 584 2434 sed
604 2375 692 2435 etlam
712 2375 852 2435 victoriae
873 2373 959 2434 bonis
973 2373 1061 2434 llore-

102 2455 191 2527 bunt,
210 2457 234 2517 si
247 2475 283 2516 ex
298 2456 362 2517 aliis
382 2457 517 2535 gentibus
532 2457 672 2537 praedam
682 2463 717 2523 ¹et
737 2455 860 2535 gloriam
876 2473 1060 2536 quaeremus.

101 2541 200 2620 itaque
216 2556 283 2601 cum
302 2538 462 2620 longinqua
478 2560 495 2602 a
510 2541 598 2602 domo
611 2542 701 2602 instet
722 2539 838 2610 militia,
859 2541 1090 2620 incertumque5

101 2625 155 2694 sit,
182 2624 300 2704 quando
320 2623 423 2685 domos
444 2631 555 2685 vestras
572 2632 601 2685 et
624 2643 698 2703 qnae
721 2626 825 2703 cuique
845 2623 888 2684 ibi
908 2641 975 2684 cara
994 2631 1063 2686 sunt

102 2708 193 2768 visuri
217 2708 294 2778 sitis,
317 2708 421 2788 siquis
442 2715 658 2768 vestrum-suos
674 2708 800 2768 invisere
814 2705 890 2777 volt,
916 2725 1062 2767 commea·

104 2798 165 2852 tum
180 2791 228 2851 do.
258 2793 357 2871 primo
372 2810 441 2852 vere
458 2791 541 2852 edico
555 2791 671 2861 adsitis,
689 2800 722 2852 ut
737 2791 792 2852 diis
806 2790 883 2851 beno
896 2789 1063 2852 iuvantibus
1075 2797 1092 2850 6

103 2872 212 2934 bellum
233 2875 360 2954 ingentis
378 2873 488 2953 gloriae
504 2875 689 2955 praedaeque
709 2875 840 2936 futurum
857 2875 1063 2953 incipiamus.“

100 2957 244 3019 omnibus,
262 2958 326 3018 lere
352 2959 464 3020 visendi
484 2958 586 3020 domos
612 2958 707 3019 oblata
733 2959 811 3020 ultro
831 2966 960 3037 potestas
981 2964 1091 3035 gratat

106 3045 182 3107 erat,
199 3045 228 3098 et
238 3041 296 3099 iam
308 3040 541 3102 desiderantibus
552 3060 621 3103 suos
632 3051 662 3102 et
678 3040 794 3119 longius
804 3044 834 3101 in
847 3040 978 3101 futurum
992 3057 1062 3117 pro-

104 3120 270 3181 videntibus
290 3121 477 3183 desiderium.
525 3143 580 3203 per
603 3132 698 3184 totum
717 3133 832 3201 tempus
853 3123 959 3182 hiemis
981 3122 1093 3200 quies8

103 3207 183 3266 inter
198 3203 314 3274 labores
330 3212 379 3265 aut
393 3206 451 3265 iam
468 3205 623 3267 exhaustos
641 3212 690 3266 aut
705 3225 774 3266 mox
785 3204 1000 3265 exhauriendos
1015 3221 1063 3264 re-

104 3289 222 3350 novavit
240 3305 364 3366 corpora
380 3289 550 3367 animosque
563 3288 599 3348 ad
614 3290 712 3348 omnia
728 3289 764 3350 de
781 3290 897 3364 integro
915 3286 1062 3367 patienda.

105 3390 174 3432 cere
189 3371 286 3452 primo
301 3370 337 3431 ad
354 3370 482 3430 edietum
500 3387 675 3436 convenere.

168 3453 329 3524 Hannibal,
354 3472 420 3516 cum
435 3457 631 3518 recensuisset
645 3455 775 3516 omnium
801 3455 932 3534 gentium
946 3453 1090 3527 auxiliat
