2532 3938
313 197 408 274 crans
422 231 491 274 vm.
507 231 575 274 oar.
592 219 616 270 a.
632 219 657 271 a.
674 209 714 292 [a.
732 209 767 274 c.
784 211 846 292 an]
955 288 958 295 ¹
1022 213 1064 294 tt

43 414 45 418 ·
93 379 179 461 quod
199 381 360 460 pepigerat·
375 377 491 449 consul,
512 385 546 439 ut
565 385 683 458 tempus
706 377 828 440 indutiis
845 378 943 448 daret,
967 377 1065 458 quom

100 463 189 543 legati
204 465 362 524 redissent
531 467 533 470 '

166 549 316 608 Samnites
330 546 422 624 copiis
438 543 547 614 isdem,
563 544 670 624 quibus
686 546 732 605 usi
747 545 887 608 adversus
900 546 1098 607 llomauumb

101 629 214 693 bellum
229 631 362 699 inerant,
386 630 491 689 contra
509 628 655 690 Sidicinos
669 629 810 708 proiecti,
833 630 911 690 haud
929 628 1066 690 indubia

101 725 155 795 sp'e
172 721 257 775 erant
278 722 394 773 mature
413 712 496 772 urbis
512 712 640 772 hostium
662 713 831 791 potiundae.
858 722 921 774 tum
937 712 973 773 ab
989 712 1099 774 sini-o

103 800 178 859 cinis
194 797 305 857 deditio
317 797 399 875 prius
415 797 452 856 ad
468 796 617 856 llomanos
628 804 732 880 coepta
748 797 812 857 tierl
826 805 884 866 est:
902 796 971 857 dein
984 804 1067 875 post·
1118 827 1119 832 κ
1212 827 1215 833 -

103 895 193 962 quam
206 883 309 958 patres
320 887 352 939 ut
365 898 463 948 seram
487 897 552 939 eam
567 878 729 958 ultimaque
751 880 871 941 tandem
894 882 1067 940 necessitate
1088 901 1091 907 ·

103 982 274 1045 expressam
298 962 546 1041 aspernabantur,
570 962 606 1028 ad
628 963 747 1025 Latinos
765 965 824 1024 iam
841 983 893 1025 sua
914 973 1019 1042 sponte
1036 963 1068 1042 in

104 1067 187 1110 arma
203 1056 300 1108 motos
317 1047 393 1106 lacta
408 1056 461 1108 est.
502 1064 539 1106 ne
555 1047 695 1124 Campani
711 1047 830 1126 quidem
844 1047 974 1107 ——adeo
989 1047 1098 1107 inin-7

103 1135 166 1194 riae
178 1132 354 1192 Samnitium
366 1148 455 1209 qnam
469 1129 606 1191 beneficii
616 1130 816 1193 llomancrum
824 1132 967 1192 memoria
981 1147 1068 1210 prae·
1110 1167 1113 1172 ·

104 1213 216 1301 sentior
228 1224 349 1275 erat-
364 1213 410 1274 hie
425 1233 457 1276 se
468 1215 559 1274 armis
572 1213 750 1276 abstinuere.
780 1233 814 1276 ex
831 1217 876 1276 liis
891 1223 934 1275 tot
951 1213 1100 1292 populisll
1189 1274 1191 1278 ,

104 1319 182 1363 unus
195 1301 300 1378 ingens
312 1299 459 1358 exercitus
474 1298 550 1358 duce
560 1297 664 1359 Latino
681 1300 753 1359 lines
768 1300 941 1359 Samnitium
955 1299 1079 1376 ingres·¹

80 1446 83 1452 ,
105 1401 156 1445 sus
177 1383 243 1462 plus
263 1380 504 1460 populationibus
525 1399 613 1460 quam
632 1382 752 1461 proeliis
779 1382 906 1443 cladium
928 1383 1008 1442 iecit.
1038 1386 1070 1442 et

66 1507 69 1512 -
106 1483 286 1550 quamquam
297 1465 465 1542 superiores
476 1461 687 1526 certaminibus
700 1466 796 1528 Latini
811 1474 909 1535 erant,
928 1463 1007 1525 haud
1021 1465 1069 1524 in·

106 1552 174 1620 riti,
188 1567 226 1609 ne
238 1550 356 1628 saepius
367 1547 565 1609 dimicandum
577 1549 663 1619 iuret,
680 1567 751 1628 agro
763 1549 891 1610 hostium
905 1565 1070 1610 excessere.

106 1634 137 1696 id
148 1635 274 1714 spatium
289 1631 469 1693 Samnitibus
482 1633 580 1693 datum
594 1642 639 1694 est
652 1631 774 1694 Romam
789 1633 901 1711 legatos
916 1630 1067 1700 mittendi;
1081 1635 1100 1688 e

107 1720 159 1798 qui
179 1735 245 1777 cum
264 1714 396 1776 adissent
407 1725 556 1787 senatum,
572 1718 723 1796 conquesti
739 1717 842 1778 eadem
858 1737 889 1779 se
902 1716 1070 1777 foederatos

107 1804 182 1884 patI,
204 1819 280 1879 quae
302 1800 402 1860 hostes
421 1808 521 1860 essent
543 1803 634 1879 passi,
659 1800 798 1879 precibus
818 1802 926 1862 infimis
947 1801 1069 1879 petiere,

57 1953 60 1959 ,
108 1893 140 1948 ut
156 1886 227 1944 satis
248 1883 391 1943 ducerent
411 1883 536 1944 llomani
555 1886 707 1946 victoriam
729 1904 813 1945 snam
835 1884 1015 1945 Samnitibus
1033 1887 1113 1944 exto

109 1972 259 2048 Campano
272 1967 460 2048 Sidicinoque
472 1968 557 2028 hoste
572 1970 729 2047 eripuisse;
745 1986 783 2028 ne
798 1969 876 2028 vinci
887 1971 975 2028 etlam
986 1985 1018 2026 se
1033 1963 1070 2026 ab

108 2053 306 2133 ignavissimis
330 2051 447 2130 populis
468 2053 616 2120 sinerent3
646 2053 766 2112 Latinos
789 2053 1026 2130 Campanosque,
1046 2049 1111 2108 sill

108 2138 164 2199 sub
185 2136 301 2197 dicione
322 2136 423 2214 populi
439 2137 566 2214 llomani
584 2145 699 2206 essent,
717 2155 772 2214 pro
791 2137 916 2214 imperio
934 2138 1072 2194 arcerent

109 2222 237 2286 Samniti
251 2237 338 2297 agro,
357 2222 402 2279 sin
417 2221 575 2298 imperium
588 2220 766 2288 abnuerent,
783 2220 871 2278 armis
888 2225 1069 2278 coercerent.

4 2333 5 2336 ¹
109 2305 252 2376 adversus
270 2304 344 2362 lraec
358 2321 532 2382 responsum
551 2321 660 2380 anceps
671 2303 787 2373 datum,
802 2303 869 2381 quia
886 2301 972 2361 lateri
989 2300 1114 2378 pige-12

111 2386 163 2449 bat
176 2389 208 2446 in
231 2393 376 2464 potestate
395 2405 446 2447 sua
461 2388 581 2447 Latinos
603 2387 658 2446 iam
676 2403 736 2445 non
755 2403 835 2455 esse,
861 2382 1071 2461 timebantque,

110 2490 149 2533 ne
172 2468 329 2549 arguendo.
343 2469 553 2530 abalienarent.
588 2470 802 2548 Campanorum
819 2467 905 2529 aliam
921 2466 1070 2528 condicio·
1083 2470 1115 2522 ta

111 2573 182 2616 nem
201 2571 279 2619 esse,
305 2555 431 2632 quinon
453 2553 585 2624 loedere,
600 2554 650 2626 sed
667 2571 721 2632 per
738 2553 915 2613 deditionem
932 2553 963 2609 in
985 2549 1073 2610 sulem

111 2641 276 2704 venissent3
294 2639 393 2717 itaque
406 2639 585 2714 Campanos,
601 2655 653 2698 seu
666 2637 755 2697 velint
766 2655 819 2696 seu
832 2635 939 2702 nolint,
957 2635 1072 2711 quietu-

111 2743 178 2786 ros:
193 2725 225 2783 in
241 2721 362 2793 loedere
376 2722 480 2781 Latino
497 2721 569 2781 nihil
585 2738 739 2798 essequo
753 2719 865 2779 bellare
879 2737 945 2779 cum
964 2715 1072 2797 quibus
1095 2775 1097 2778 .

110 2810 170 2888 ipsi
184 2806 276 2867 velint
289 2804 513 2885 prohibeantur.
557 2805 615 2866 lll..
639 2805 914 2882 Quod-responsum
930 2804 1005 2862 sicut
1020 2799 1074 2860 du·
1090 2804 1103 2855 1

87 2891 179 2953 'bles
194 2891 358 2959 Samnites,
390 2889 530 2967 quidnam
552 2884 697 2949 iacturum
721 2889 886 2948 llonrenum
907 2889 1072 2953 censerent,

113 2974 238 3043 (limisit,
257 2976 297 3034 ita
314 2974 478 3051 Campanos
493 2981 571 3031 metu
590 2971 779 3041 abalienavit,
802 2972 921 3032 Latinos
935 2968 1014 3028 velut
1030 2968 1074 3026 ni·

5 3097 8 3104 ι
113 3057 157 3118 bil
173 3059 232 3116 iam
247 3074 306 3116 non
321 3055 551 3116 concedentibus
565 3055 706 3116 Romanis
722 3055 883 3115 ferociores
906 3054 984 3113 lecit.
1020 3051 1106 3109 ita-²

113 3159 173 3222 que
189 3158 243 3218 per
259 3141 386 3219 speciem
408 3139 548 3199 adversus
563 3139 708 3214 Samnites
728 3138 798 3198 belli
819 3137 942 3216 parandi
969 3131 1075 3194 crebra

114 3224 238 3286 concilia
254 3223 419 3282 indicentes
432 3221 568 3283 omnibus
579 3221 841 3282 consultationibus
856 3222 933 3279 inter
945 3237 976 3277 se
991 3217 1073 3294 prin·

114 3311 197 3388 elpes
217 3306 332 3369 occulte
349 3306 514 3366 Romanum
535 3305 701 3384 coquebant
721 3304 840 3363 bellum.
874 3303 942 3362 lruic
957 3315 1074 3379 quoque

72 3464 75 3467 ,
114 3395 255 3454 adversus
267 3400 433 3451 servatores
440 3408 508 3449 suos
522 3389 599 3450 bello
607 3390 772 3467 Campanus
779 3387 890 3446 aderat.
912 3384 963 3446 sed
972 3387 1107 3462 quam-8
1157 3416 1159 3420 ·

115 3491 204 3558 qnam
219 3477 318 3537 omnia
333 3474 370 3536 de
390 3472 533 3535 industria
549 3472 719 3533 celabantur
732 3473 958 3549 -priusquam
973 3483 1072 3529 move·

158 3592 183 3627 r.
196 3591 259 3628 nrrr
272 3591 341 3627 sans
354 3591 386 3625 11.
849 3561 869 3619 4
