2542 3956
328 343 423 384 uranu
436 344 526 385 mar.
544 343 611 386 our.
624 332 667 385 28.
682 331 725 385 29.
741 321 781 404 [a
799 325 833 386 O.
848 323 909 405 uto]
1041 299 1104 395 347

147 489 223 550 iusto
239 496 268 550 et
279 497 362 550 aucta
373 489 465 550 elassa
481 489 517 550 ad
529 489 713 552 retinendam
728 499 809 552 terra
819 493 954 571 *marique
967 511 1003 554 ao
1017 499 1108 554 tuen·

147 574 214 634 dam
230 573 400 652 Hispaniam
411 580 460 633 est
481 574 596 634 missus.
631 575 697 654 qui,
718 582 752 634 ut
771 575 915 653 pedestris
935 576 1132 656 navalisqued

146 658 246 734 eopias
260 657 389 726 traiecit,
401 657 513 718 eastris
526 659 703 718 eanmunitis
714 658 893 738 nauibusque
907 658 1057 720 subductis
1073 668 1103 721 et

146 738 222 800 uallo
241 739 515 802 eirmmrdatiseum
538 741 685 820 equitibus
712 740 833 803 deleatis
854 744 931 822 ipse,
960 749 1116 822 quanttuu·

147 821 451 884 inanimataoeelerare
463 831 587 902 poterat,
604 841 658 902 per
667 823 771 886 dubios
785 825 965 906 infestosque
976 825 1102 905 populos

146 909 226 966 iuxta
236 908 371 969 intentus
386 907 422 968 ad
439 907 650 969 Hasdrubalem
666 910 810 988 persenit.
843 927 910 970 oum
921 909 1040 971 decreta
1054 917 1130 972 sel

147 997 232 1052 natus
248 991 443 1071 mandataque
458 993 641 1070 exposuisset
660 1000 746 1072 atque
763 993 884 1054 edoctus
902 1000 979 1054 esset
992 995 1056 1072 ipse
1070 994 1102 1054 lu

147 1075 254 1146 tieem,
277 1074 417 1154 quemad
438 1075 559 1136 modum
585 1076 767 1137 tractandum
787 1075 897 1137 bollum
914 1079 945 1138 iu
960 1077 1102 1156 Hispania

128 1157 236 1229 -loret,
258 1169 339 1221 retro
360 1161 460 1221 iusua
480 1167 576 1220 eastra
600 1159 770 1220 reditnulla
789 1178 924 1241 requam
951 1160 1102 1222 eeleritate

144 1244 249 1313 tutior,
279 1243 357 1322 quod
382 1243 512 1322 undique
544 1241 673 1315 abierat,
709 1251 864 1323 antequam
889 1245 1101 1306 consentirent.

143 1325 308 1388 Hasdrubal
328 1328 498 1406 priusquam
520 1335 652 1388 moueret
679 1334 788 1399 eastra,
815 1329 955 1406 pecunias
976 1330 1129 1406 imperato

144 1409 260 1488 populis
279 1408 415 1472 omuibus
438 1428 508 1471 suae
528 1409 664 1481 dicionis,
687 1412 757 1474 satis
779 1429 887 1490 gnarus
907 1409 1100 1472 Hannibalem

144 1495 287 1556 transitus
298 1493 439 1572 quosdam
451 1496 547 1572 pretio
558 1501 720 1556 mereatum
736 1513 791 1556 neo
806 1495 910 1556 auxilia
924 1495 1034 1568 Gallica
1049 1493 1131 1554 ali-o

144 1583 190 1637 ter
200 1595 288 1657 quam
300 1577 443 1640 eonducta
455 1578 600 1649 habuisse,
614 1580 733 1657 inopem
745 1587 857 1641 tautum
868 1581 925 1639 iter
935 1579 1101 1656 ingressum

147 1662 191 1721 rix
211 1668 434 1740 penetraturum
451 1660 487 1722 ad
501 1661 581 1742 Alpis
603 1664 706 1724 luisse:
733 1665 866 1744 pecuniis
885 1664 974 1740 igitur
993 1661 1102 1740 raptim

142 1747 254 1806 exactis
268 1745 305 1806 ad
321 1745 463 1806 Hiberum
482 1745 642 1808 descendit
835 1754 837 1760 '

206 1829 331 1891 Decreta·
345 1829 629 1906 Carthaginiensium
652 1837 682 1890 et
701 1829 891 1892 Hasdrubalis
915 1831 972 1890 iter
996 1827 1046 1889 ubi
1067 1827 1129 1889 adr

144 1913 292 1975 Romanos
306 1919 375 1973 sunt
388 1912 514 1993 perlata,
532 1914 668 1975 omnibus
683 1916 796 1976 omissis
810 1913 900 1975 rebus
913 1912 999 1974 ambo
1010 1911 1101 1974 duees

143 1997 251 2059 iunctis
276 1998 368 2076 copiis
389 1998 435 2058 ire
457 1995 572 2057 obviam
595 1999 706 2076 eoeplis
720 2004 807 2076 alque
826 1997 970 2057 obsistere
985 2002 1099 2074 parant,

143 2082 214 2151 rati,
235 2081 260 2140 si
271 2080 443 2152 Hannibali,
464 2083 510 2140 vix
534 2099 588 2161 per
604 2099 636 2142 se
656 2081 713 2160 ipsi
730 2080 883 2141 tolerando
900 2078 999 2140 ltaliae
1014 2080 1130 2150 hostie

143 2162 308 2227 Hasdrubal
327 2164 385 2224 dux
402 2172 488 2243 atque
503 2165 705 2244 Hispaniensis
722 2165 868 2224 exereitus
884 2169 961 2224 esset
973 2163 1099 2232 iunctus,

142 2247 228 2308 illum
243 2248 332 2308 sunem
347 2247 472 2308 Romani
485 2249 592 2325 imperi
607 2247 680 2308 lore.
712 2247 758 2308 bis
773 2248 851 2307 auxii
866 2247 945 2308 euris
960 2245 996 2308 ad
1010 2243 1130 2306 libe-o

144 2329 250 2391 berum
266 2331 445 2391 contrahunt
460 2331 572 2409 copias,
590 2337 620 2390 ot
638 2331 760 2391 transito
775 2348 861 2392 amne
879 2349 946 2390 oum
964 2328 1014 2390 diu
1029 2346 1102 2392 oon·

145 2411 316 2484 sultasseut,
331 2421 430 2475 utrum
446 2421 541 2475 eastra
556 2416 659 2475 eastris
675 2414 858 2484 eoolerrent,
877 2432 913 2474 an
930 2414 1000 2473 satis
1010 2411 1101 2472 lrabe-

145 2504 214 2560 reut
224 2498 311 2558 sooiis
318 2496 601 2575 Carthaginiensium
608 2498 811 2578 oppugnandis
823 2499 934 2558 morari
948 2495 1100 2558 abitinere

145 2582 297 2662 proposito
316 2582 448 2652 hostem,
473 2581 576 2642 urbem
598 2600 614 2643 a
635 2583 801 2662 propinquo
822 2581 943 2642 llumine
957 2578 1097 2640 Hiberam
1111 2583 1145 2634 10

145 2663 336 2745 appellatam,
363 2664 613 2744 opulentissimam
640 2685 673 2728 ea
688 2673 861 2745 tempestate
882 2665 1013 2742 regionis
1028 2664 1100 2732 ebus,

144 2765 317 2829 oppugnare
337 2756 452 2828 parant.
487 2750 564 2830 qued
586 2750 637 2811 ubl
658 2751 750 2812 sensit
768 2747 946 2819 Hasdrubal,
966 2765 1020 2826 pro
1043 2764 1099 2825 ope
1111 2750 1143 2802 11

145 2833 267 2894 terenda
283 2834 369 2893 sociis
384 2835 481 2912 pergit
496 2836 540 2894 ire
556 2835 620 2914 ipse
638 2834 675 2895 ad
690 2833 795 2908 urbem
811 2831 938 2894 deditam
960 2847 1056 2910 nuper
1070 2831 1102 2889 iu

144 2917 233 2978 tidem
248 2915 448 2978 Romanorum
466 2918 702 2998 oppugnandam.
737 2919 848 2978 italam
867 2925 969 2996 coepta
984 2913 1099 2976 obsidio
1113 2917 1145 2972 12

146 3003 253 3062 omissa
269 3000 305 3062 ab
321 3000 460 3064 Romanis
476 3011 520 3063 est
536 3010 565 3062 et
587 3004 618 3062 in
640 3004 735 3082 ipsum
751 3000 965 3064 Hasdrubalem
985 3015 1101 3060 versum

146 3082 265 3143 bellurn.
308 3085 409 3146 XXIX.
440 3087 576 3167 Quinque
590 3085 702 3148 milium
717 3084 870 3147 intervallo
886 3093 980 3146 eastra
993 3083 1129 3141 disten-1

145 3167 186 3226 tia
201 3164 331 3225 habuere
343 3185 452 3243 pausos
465 3169 542 3239 dies,
560 3188 615 3228 neo
628 3172 692 3228 sine
702 3167 815 3228 levibus
826 3167 946 3246 proeliis
960 3181 1017 3224 neo
1027 3168 1061 3223 ut
1070 3163 1102 3220 in

147 3249 241 3310 aeiem
256 3249 385 3316 exirent:
406 3251 523 3310 tandem
542 3269 601 3311 uno
624 3250 785 3327 eodemque
810 3249 857 3308 die
875 3247 954 3309 velut
974 3265 1010 3307 ex
1024 3253 1132 3306 eon-2

142 3332 238 3408 posito
262 3331 412 3408 utrimque
433 3331 550 3406 signum
577 3343 693 3406 pugnae
723 3327 907 3404 propositum
936 3332 996 3395 est,
1026 3334 1113 3403 atque

143 3411 281 3474 omuibus
300 3415 395 3492 copiis
415 3413 446 3472 in
467 3429 603 3491 eampum
624 3412 801 3472 descensum
816 3416 871 3470 est.
907 3409 1017 3488 triplex
1033 3411 1143 3470 stetitt

142 3497 275 3558 Romana
287 3499 381 3558 acies:
398 3496 518 3557 velitum
529 3514 598 3574 pars
610 3497 691 3556 inter
704 3496 911 3573 antesignanos
922 3494 1027 3563 locata,
1043 3511 1114 3573 pars

142 3590 210 3664 post
231 3583 315 3663 signa
337 3590 474 3663 accepta,
498 3582 615 3661 equites
637 3595 750 3642 cornua
771 3581 905 3641 eluxere.
947 3577 1144 3640 Hasdrubale
