2546 3936
184 144 245 257 ibt
377 206 472 250 omna
486 205 528 246 rx.
543 203 611 248 one.
626 191 670 244 tt.
685 189 730 244 ³7.
745 179 786 264 [a.
800 205 832 246 ιι.
847 203 873 244 c.
888 177 951 262 444]

182 353 388 417 tumultuariae
409 354 569 432 agrestium
588 350 780 412 Etruscorum
805 347 958 419 cohortes,
979 353 1104 427 repente
1125 367 1144 409 a

182 438 366 519 principibus
387 437 518 516 regionis
538 438 600 496 eius
615 435 794 505 concitatae,
818 433 959 495 Romanis
980 439 1146 493 occurrunt

183 522 257 584 adeo
270 523 488 602 inconpositae,
502 527 536 581 ut
546 518 676 579 vindices
685 517 864 597 praedarum
876 534 971 596 prope
985 517 1044 595 ipsi
1055 533 1144 595 prae·

110 638 116 648 ·
145 605 240 667 tedae
259 606 379 668 inerint.
417 605 510 666 caesis
531 603 696 681 fugatisque
718 602 755 662 iis
781 599 839 662 late
868 599 1045 679 depopulato
1070 617 1146 678 agro
1256 603 1257 634 i

182 690 275 751 victor
294 690 444 752 Romanus
465 687 679 767 opulentusque
704 703 806 746 rerum
832 685 965 746 omnium
996 684 1082 762 copia
1111 685 1145 743 in
1256 735 1257 746 ,

142 779 175 832 m
184 782 280 834 castra
294 773 391 835 rediit.
420 791 455 832 eo
470 771 547 831 torte
560 771 690 849 quinque
701 768 790 846 legati
804 787 872 830 cum
888 767 1002 830 duobus
1015 766 1145 828 tribunis

182 854 278 936 plebis
292 861 435 918 venerant
443 853 646 916 denuntiatum
659 852 749 914 Fabio
766 861 885 914 senatus
901 850 1013 922 verbis,
1030 869 1069 911 ne
1085 849 1144 912 sal·

183 945 246 1002 tum
263 940 421 1001 Ciminium
437 938 588 1003 transiret
622 935 722 997 laetati
736 937 830 998 serius
844 955 891 1005 se,
908 954 996 1015 quam
1010 943 1045 996 ut
1059 936 1144 1014 inpe-

183 1021 247 1084 dire
262 1022 374 1083 bellurn
390 1028 528 1102 possent,
547 1021 678 1091 venisse,
692 1021 789 1081 nuntii
804 1021 943 1082 victoriae
957 1021 1081 1082 Romam
1094 1037 1144 1079 re·

182 1112 347 1167 vertuntur.
494 1143 497 1149 -

155 1194 170 1246 1
248 1187 386 1250 XXXVII.
415 1186 477 1248 llac
498 1186 684 1265 expeditione
704 1186 833 1248 consulis
853 1192 967 1248 motum
978 1184 1065 1249 latius
1080 1193 1146 1247 erat

184 1290 273 1352 quam
295 1271 484 1352 profligatum
502 1269 629 1333 bellum:
653 1273 845 1332 vastationem
866 1288 994 1350 namque
1018 1268 1072 1330 sub
1095 1270 1143 1332 Ci-

182 1357 268 1416 minii
281 1357 390 1416 montis
405 1354 554 1428 radicibus
569 1356 670 1416 iacens
683 1372 735 1414 ora
749 1361 897 1423 senserat,
918 1355 1144 1432 conciveratque

182 1440 384 1518 indignatione
410 1457 471 1500 non
495 1439 631 1502 Etruriae
660 1437 749 1498 modo
776 1437 901 1517 populos
926 1437 978 1498 sed
1005 1437 1144 1499 Umbriae

155 1523 313 1584 thnitima.
345 1525 444 1602 itaque
457 1530 584 1602 quantus
599 1539 660 1582 non
680 1539 820 1600 umquam
837 1531 923 1582 antea
939 1522 1086 1582 exercitos
1106 1519 1144 1582 ad

183 1605 315 1668 Sutrium
326 1608 421 1674 renit;
440 1623 565 1684 nequeo
579 1603 658 1666 silvis
671 1604 874 1665 tantummodo
885 1612 1021 1684 promota
1037 1612 1142 1674 castra,

184 1689 237 1749 sed
259 1691 347 1750 etiam
367 1689 504 1749 ariditate
526 1687 684 1748 dimicandi
705 1705 793 1766 quam
814 1689 945 1767 primum
967 1689 999 1748 in
1023 1704 1143 1766 campos

157 1770 283 1848 adelata
297 1773 384 1833 acies.
413 1770 519 1831 deinde
530 1772 674 1832 instructa
690 1771 785 1848 primo
800 1789 854 1832 suo
869 1778 948 1832 stare
958 1770 1023 1832 loco
1038 1770 1142 1832 relicto
1256 1815 1257 1854 ᾗ

183 1853 318 1917 hostibus
340 1855 378 1916 ad
398 1853 604 1915 irrstrmndum
624 1861 726 1915 contra
752 1856 860 1934 spatio;
884 1854 967 1926 dein,
988 1863 1143 1935 postquam
1256 1873 1257 1884 ¹

184 1937 350 2000 detractare
372 1938 488 2000 hostem
510 1954 630 1998 sensere
650 1955 795 2016 pugnam,
818 1939 855 2001 ad
876 1937 982 2000 vallum
1005 1938 1142 2000 subeunt

156 2021 237 2083 aubi
250 2029 407 2102 postquam
422 2022 562 2082 stationes
576 2038 693 2100 quoque
713 2028 848 2100 receptas
867 2024 945 2083 intra
960 2024 1143 2084 munimenta

184 2123 321 2176 sensere,
345 2103 457 2166 clamor
476 2111 600 2183 repente
620 2105 698 2164 circa
721 2104 812 2166 duces
832 2114 929 2176 ortus,
953 2115 1036 2167 uteo
1052 2104 1138 2166 sibic

155 2190 288 2250 ecastris
304 2188 415 2250 cibaria
431 2189 495 2248 eius
509 2188 567 2248 diei
578 2187 689 2248 deterri
703 2187 853 2251 iuberent:
869 2206 1024 2256 mansuros
1041 2207 1073 2250 se
1088 2187 1141 2249 sub

185 2273 275 2333 armis
294 2279 325 2333 et
344 2280 396 2333 aut
415 2279 504 2332 nocte
523 2279 574 2334 aut
592 2279 674 2332 certe
694 2270 761 2334 luce
779 2275 875 2353 prima
896 2282 992 2334 castra
1014 2273 1141 2336 hostium
1256 2361 1257 2368 ἵ

154 2357 344 2418 oinvasuros.
374 2353 466 2417 nihilo
483 2356 610 2436 quietior
623 2355 773 2418 llomanns
787 2359 935 2420 exercitus
947 2359 1072 2437 imperio
1090 2356 1129 2417 du

184 2440 227 2500 cis
246 2441 424 2501 continetur.
462 2439 576 2500 decima
596 2446 661 2500 erat
679 2438 743 2500 lere
763 2440 822 2502 diei
842 2441 931 2513 hora,
955 2459 1022 2504 cum
1044 2440 1142 2502 cibum

184 2540 292 2603 capere
315 2522 418 2584 consul
440 2522 549 2584 milites
568 2521 665 2591 iubet;
687 2526 846 2603 praecipit,
867 2534 902 2587 ut
921 2527 954 2586 in
970 2526 1060 2586 armis
1074 2526 1140 2596 sint,

154 2614 366 2687 tquacumque
382 2607 442 2668 diei
456 2607 586 2666 noctisve
602 2605 677 2668 hora
692 2608 807 2684 signum
819 2608 943 2670 dederit.
972 2609 1073 2689 paucis
1087 2609 1141 2671 mi·
1256 2615 1257 2638 ³

183 2689 251 2752 lites
261 2689 443 2770 adloquitur;
462 2689 637 2752 Samnitium
648 2689 726 2751 bella
740 2691 862 2762 extollit,
879 2692 973 2754 eierat
985 2693 1140 2762 Etruscos;

184 2791 241 2834 nec
251 2774 367 2836 hostem
382 2774 462 2834 hosti
475 2791 531 2834 nec
545 2773 763 2836 multitudinem
784 2776 964 2838 multitudini
978 2794 1141 2856 conparan-

184 2856 253 2918 dam
267 2857 322 2924 ait;
339 2874 404 2917 esse
421 2864 575 2936 praeterea
586 2856 678 2918 telum
696 2857 774 2918 aliud
790 2861 954 2931 occultum;
971 2861 1097 2922 scituros
1111 2861 1142 2920 in

183 2946 334 3018 tempore;
357 2941 472 3000 interea
493 2942 587 3000 taceri
607 2958 682 3018 opus
698 2958 772 3002 esse.
802 2943 848 3004 his
865 2943 1037 3022 ambagibus
1057 2941 1142 3022 prodi
1256 3001 1257 3010 ι

183 3022 340 3086 simulabat
353 3024 468 3095 hostes,
483 3041 541 3103 quo
553 3024 669 3088 animus
679 3025 805 3087 militum
819 3027 1007 3090 multitudine
1022 3029 1137 3090 territm
1256 3019 1257 3046 ³

183 3109 407 3178 restitueretur;
426 3115 471 3179 et,
490 3107 569 3188 quod
584 3109 843 3172 sinemunimento
860 3111 1063 3182 considerant,
1081 3110 1141 3173 reri

184 3190 308 3253 similius
319 3199 397 3264 erat,
413 3191 492 3271 quod
503 3191 704 3255 simulabatur.
734 3197 828 3256 curati
839 3194 905 3256 cibo
917 3213 1043 3274 corpora
1053 3193 1142 3273 quieti

185 3273 270 3345 dant,
291 3282 322 3335 et
342 3283 446 3355 quarta
466 3275 529 3337 lere
556 3276 656 3354 vigilia
677 3279 742 3338 sine
769 3277 898 3341 tumultu
923 3279 1042 3341 excitati
1062 3295 1142 3338 arma

154 3359 314 3435 ecapiunt.
349 3357 489 3420 dolabrae
513 3359 665 3420 calonibus
692 3361 861 3422 dividuntur
884 3363 921 3424 ad
947 3361 1053 3424 vallum
1074 3378 1141 3440 pro·

187 3439 332 3500 ruendum
346 3441 498 3522 fossasque
512 3441 678 3522 inplendae.
702 3447 780 3507 intra
794 3446 977 3506 munimenta
990 3445 1136 3506 instruitur
1256 3467 1257 3530 p
