2526 3940
482 241 690 292 Pusurauio.
1040 241 1063 290 V

100 364 307 441 suspicionem
322 365 452 426 venirem
475 363 570 435 alitor,
592 369 680 441 atque
700 365 850 434 convenii,
871 362 908 426 da
927 361 1062 442 iiadvigii

100 463 200 526 opera
220 445 381 516 iudicasse,
403 454 438 508 ei¹
453 464 487 508 ea
489 493 501 528 ,
525 463 600 525 quaa
620 448 651 508 in
672 463 759 508 usum
779 463 878 509 moum
900 449 1061 509 convertis·

99 547 186 598 sem,
207 529 447 610 improbandam
466 529 641 610 negligenda
661 547 727 592 asso
741 528 859 592 dixisse.
890 530 925 592 ln
945 531 1062 610 reipsa

100 612 235 682 easdem,
249 613 351 690 quasi.
365 613 384 674 i.
397 615 555 692 significavi
570 615 700 678 taliones
714 620 844 684 secutus,
861 629 937 691 quaa
951 615 1063 676 rectius

99 713 195 774 quam
211 695 248 757 ab
263 696 327 758 aliis
342 715 359 757 a
373 698 405 758 V.
422 698 455 758 ii.
471 697 646 760 videbantur
660 698 797 760 restituta
812 714 878 759 osso
892 698 947 766 iia,
964 704 997 758 ut
1011 715 1060 759 vo·

98 779 169 848 luit.
188 785 218 839 et
231 781 296 859 ipso
310 781 425 859 scripsi,
438 780 582 859 quaedam
597 781 686 844 etiam
700 781 794 859 magis
808 781 984 842 auctoritato
998 782 1063 843 eius

98 869 275 942 permotus,
292 862 371 940 quod
387 880 463 942 quaa
476 866 542 945 ipso
555 865 714 944 speciosis,
731 862 956 941 quibusdum,
973 880 1060 942 argu·

98 947 215 1007 meniis
232 963 415 1025 opponerem
431 949 462 1008 in
478 956 618 1028 promptu
635 965 695 1009 aon
707 945 866 1016 habebam,
883 963 1062 1024 quamquam

97 1047 163 1090 non
176 1028 356 1100 dubitabam,
364 1031 436 1110 quin
446 1030 511 1093 aliia
521 1049 571 1094 mo
582 1028 762 1092 acutiorIbus
773 1037 977 1111 suppeterent,
987 1047 1062 1107 quaa

97 1115 217 1192 opponi
235 1120 376 1192 possant;
398 1116 584 1177 coniecturas
604 1114 775 1177 audaciores
796 1121 847 1174 aui
866 1112 975 1191 quibus
988 1113 1063 1174 Livii

95 1197 1061 1357 {iiiiii“iiiiiiiddifiiiiimtiiiii‘iiiia

97 1363 130 1423 V.
149 1363 189 1424 D.
206 1381 273 1425 oum
289 1363 326 1424 de
346 1365 437 1426 totius
457 1364 575 1443 linguae
595 1371 701 1424 natura
720 1381 780 1422 non
800 1379 859 1421 uno
879 1361 960 1431 loco,
982 1362 1062 1424 velut

97 1447 180 1526 OPP·
196 1446 232 1516 ll,
250 1451 557 1519 188:.360†861'n5
568 1441 633 1511 aii..
655 1449 718 1502 ium
739 1441 777 1502 do
791 1441 864 1503 Livii
879 1461 1016 1505 sermono
1030 1447 1060 1508 in

97 1523 409 1590 animadversionibus
423 1525 459 1585 ad
474 1527 693 1603 grammaticam
707 1525 828 1586 latinam
843 1525 949 1588 additis
962 1545 991 1607 p.
1010 1534 1050 1596 79

95 1608 203 1686 paucis
218 1607 402 1686 significavit.
432 1607 531 1679 iniis,
554 1625 631 1686 quae
650 1615 718 1688 posi
732 1607 907 1686 Madvigium
928 1610 1061 1689 prolatas

97 1697 179 1760 suni,
196 1691 387 1759 coniecturis,
403 1689 481 1751 haud
496 1709 567 1753 sana
580 1693 761 1772 pauoismon
775 1693 815 1752 iia
829 1691 937 1754 mulus
950 1695 1059 1766 inveni,

97 1789 177 1851 quae
192 1781 244 1835 aui
260 1781 360 1836 certae
374 1774 546 1836 viderentur
561 1783 612 1837 aui
626 1773 805 1856 probabiles.
