2546 3936
343 174 438 216 ιιιιιιι
453 173 497 217 11.
513 172 583 218 uae.
601 161 644 226 18,
660 149 700 237 [a.
716 156 750 218 0.
767 153 833 246 319]
1006 161 1068 224 113

103 320 316 385 dellexandro
329 319 460 382 nondum
472 339 571 382 merso
583 320 721 382 secundis
733 321 830 394 rebus,
844 340 969 404 quarum
981 339 1075 384 nemo·

100 405 339 469 intolerantiorl
338 406 389 464 uit.
407 407 457 502 qui
470 407 496 465 si
507 424 543 466 ex
555 404 658 466 habitu
673 424 765 467 novae
780 407 916 468 fortunae
931 407 1067 483 novique,
1080 415 1099 466 2

99 498 134 552 ut
150 493 191 550 ita
206 490 325 550 dicam
317 490 443 565 ingenii,
454 489 545 568 quod
560 488 617 548 sibi
631 491 724 549 victor
737 490 888 560 induerat,
908 497 1067 568 spectetur,

100 575 197 636 Dareo
219 574 314 651 magis
335 571 439 632 similis
460 591 548 651 quam
563 561 760 634 Alexandro
752 592 783 633 ιιι
804 573 917 633 ltaliam
933 575 1068 639 venisset,
1084 579 1102 632 3

82 704 84 708 .
101 666 131 718 et
146 658 309 718 exercitum
320 655 509 716 Macedoniae
523 654 647 718 oblitum
660 655 968 756 degenerantemque
960 673 1020 716 ram
1035 655 1067 716 ιἰι

99 742 259 804 Persarum
274 757 374 800 mores
401 739 579 800 adduxisset.
613 739 775 800 referrem
796 749 877 801 tanto
898 757 969 818 rege
985 740 1094 817 pigett

99 824 261 903 superbam
286 823 483 884 mutationem
499 824 601 891 vestis,
625 832 654 880 et
670 823 850 885 desideratas
867 824 975 884 humi'
967 840 1066 884 racen-

99 910 175 970 tium
187 906 384 978 adulationes,
401 907 489 966 etiam
501 907 583 966 vietis
570 903 808 965 Macedonibus
821 925 938 982 graves,
955 906 1066 966 nedum

7 1049 12 1074 2
98 991 277 1061 victoribus,
295 999 324 1050 et
338 989 425 1050 foeda
437 980 579 1068 supplicia
591 996 619 1048 et
633 985 711 1047 inter
727 989 825 1048 vinum
838 996 867 1048 et
880 988 981 1066 epulas
996 1007 1063 1050 cae·

100 1075 154 1136 des
168 1075 331 1134 amicorum
348 1081 377 1133 et
398 1075 555 1134 vanitatem
571 1070 777 1134 ementiendae
792 1072 901 1150 stirpis.
932 1072 1020 1150 quid?
1042 1074 1095 1132 sib

99 1161 161 1220 rini
175 1177 259 1219 amor
280 1158 311 1217 in
328 1156 390 1217 dies
409 1157 495 1216 fieret
518 1156 630 1222 acrior,
653 1154 779 1233 quidt'
756 1173 781 1214 st
796 1163 865 1216 trux
879 1173 913 1216 ac
930 1155 1064 1234 praeler-

102 1243 169 1304 rida
182 1244 241 1311 ira,
260 1275 296 1286 -
315 1258 370 1300 nec
386 1241 543 1316 quicquam
557 1236 678 1298 dubium
692 1239 771 1298 inter
786 1240 948 1317 scriptores
965 1239 1066 1299 resero

98 1360 157 1394 -,
171 1324 292 1404 nullane
305 1323 379 1380 haec
393 1321 500 1382 damna
515 1321 715 1398 imperatoriis
735 1321 890 1382 virtutibus
912 1321 1071 1398 ducimusi

97 1405 130 1468 ld
147 1424 217 1466 vero
236 1404 401 1482 periculum
425 1412 502 1474 erat,
531 1403 611 1483 quod
633 1403 772 1478 levissimi
795 1424 831 1465 ex
854 1405 990 1476 Graecis,
1016 1405 1095 1484 quit

97 1489 277 1552 Parthorum
289 1507 406 1568 quoque
419 1496 523 1548 contra
533 1506 643 1547 nomen
654 1487 820 1548 Romanurn
832 1487 944 1565 gloriae
955 1489 1063 1556 favent,

99 1574 236 1646 dictitare
252 1572 364 1641 solent,
378 1590 416 1631 ne
431 1573 617 1647 maiestatem
631 1572 758 1642 nominis
775 1571 948 1643 Alexandri,
973 1589 1061 1652 quem

98 1676 138 1719 ne
156 1657 233 1719 fama
246 1654 365 1736 quidem
376 1654 435 1724 illis
451 1662 554 1716 notu'm
570 1653 699 1715 arbitror
713 1655 819 1726 luisse,
838 1657 992 1716 sustinere
1002 1671 1062 1716 non

97 1742 229 1840 potuerit
245 1738 372 1818 populus
386 1739 550 1810 Romanus
575 1746 605 1799 ct
620 1738 760 1800 adversus
775 1759 863 1818 quem
877 1739 1010 1809 Athenis,
1030 1741 1090 1800 ina

99 1827 215 1886 civitate
239 1823 334 1885 fracta
347 1823 541 1884 Macedonum
558 1823 662 1894 armis,
688 1832 829 1884 cernente
851 1832 914 1884 tum
936 1824 1063 1884 maxime

98 1927 194 1990 prope
212 1907 359 1970 fumantes
374 1905 543 1968 Thebarum
560 1908 677 1978 ruinas,
700 1907 865 1968 contionari
887 1905 1002 1968 libere
1000 1908 1064 1968 ausi

99 2000 169 2053 sunt
182 1991 334 2062 homines,
345 1990 397 2051 id
408 1989 487 2069 quod
503 2010 539 2052 ex
559 1992 760 2052 monumentis
784 1991 950 2052 orationum
971 1997 1061 2068 patet,

99 2075 239 2136 adversus
252 2094 319 2136 eum
334 2093 421 2135 nemo
434 2093 470 2134 ex
480 2082 524 2136 tot
535 2073 710 2152 proceribus
721 2071 862 2135 Romanis
873 2092 975 2135 vocem
987 2072 1062 2133 libe

98 2177 163 2222 ram
175 2160 319 2220 missurus
333 2158 439 2219 luerit?
466 2157 648 2238 quantalibet
662 2157 832 2235 magnitudo
847 2158 976 2234 hominis
991 2175 1061 2218 con·
1049 2166 1091 2222 -d
1149 2155 1151 2160 ’

98 2244 225 2321 cipiatur
242 2244 355 2314 animo,
378 2243 467 2304 unius
491 2250 590 2326 tamen
610 2259 644 2302 ea
661 2242 831 2320 magnitudo
849 2241 978 2302 hominis
997 2243 1060 2311 erit,
1154 2275 1156 2280 .

99 2327 222 2388 collecta
237 2325 324 2406 paulo
348 2323 416 2405 pilus
435 2326 538 2386 decem
559 2344 705 2387 annorum
728 2324 884 2393 felicitate3
906 2343 994 2403 quam
1011 2325 1089 2404 quit

99 2431 134 2472 eo
148 2409 300 2482 extollunt,
316 2410 395 2490 quod
406 2409 533 2507 populus
544 2410 704 2479 Romanus,
718 2409 773 2469 etsi
784 2407 864 2468 nullo
880 2406 966 2478 bello,
985 2406 1061 2468 mul·

97 2497 136 2557 tis
149 2504 249 2556 tamen
264 2493 385 2574 proeliis
395 2493 487 2554 victus
499 2494 551 2562 sit,
525 2491 735 2554 trilesandro
749 2489 857 2553 nullius
868 2509 984 2570 pugnae
1001 2509 1061 2552 non

97 2579 228 2641 secunda
250 2579 368 2639 lor'tuna
388 2577 492 2646 suerit,
513 2595 575 2637 non
594 2574 785 2654 intellegunt,
811 2594 842 2636 se
863 2575 992 2636 hominis
1012 2587 1081 2636 res

98 2671 195 2742 gestas
216 2670 246 2723 et
268 2663 331 2724 eius
348 2661 462 2721 iuvenls
482 2679 550 2721 cum
574 2657 704 2738 populi
696 2678 754 2721 ram
782 2659 1060 2738 octingentesimum

96 2745 236 2808 bellantis
257 2763 369 2807 annum
391 2742 481 2804 rebus
505 2743 652 2812 conferre.
687 2744 846 2815 miremur,
870 2746 910 2812 si,
934 2745 1002 2804 c'um
1023 2750 1103 2805 exltt
1159 2749 1182 2798 ·,

90 2831 154 2892 4Ιιιιο
173 2838 258 2908 parte
279 2826 396 2890 saecula
415 2825 501 2907 plura
524 2821 720 2894 numerentur
743 2827 887 2908 quam'cx
909 2827 958 2888 illa·
979 2828 1058 2900 anni,

97 2913 165 2994 plus
179 2916 210 2972 in
223 2921 282 2974 tam
294 2911 383 2991 longo
395 2913 489 2992 spatio
503 2930 591 2993 quam
603 2913 635 2972 in
647 2917 742 2973 aetate
753 2913 897 2974 tredecim
910 2930 1058 2974 annorum
1075 2928 1077 2934 ’

97 2998 219 3056 fortuna
230 2996 403 3057 variaveriti
425 2997 495 3077 quin
509 3003 542 3057 tu
556 2997 686 3056 hominis
703 3015 772 3068 cum
792 2997 912 3058 homine
931 3005 961 3057 et
976 2997 1099 3057 ducislr

100 3099 169 3141 cum
184 3079 257 3140 duce
273 3079 421 3141 fortunam
437 3098 506 3140 cum
517 3080 636 3142 fortuna
654 3079 791 3143 coniers?
821 3087 892 3160 quot
906 3079 1057 3141 Romanos
1067 3085 1100 3135 12
1140 3091 1141 3094 ’

98 3165 191 3226 duces
205 3161 366 3236 nominem,
377 3163 487 3243 quibus
504 3181 664 3242 numquam
677 3162 798 3228 adversa
810 3164 1057 3242 fortuna-pugnae
1086 3235 1088 3240 ³

96 3249 170 3310 luit?
185 3248 308 3327 paginas
323 3249 353 3308 in
367 3247 522 3308 annalibus
538 3247 822 3325 magistratuumque
835 3247 918 3307 lastIs
931 3263 1055 3324 percur-

97 3350 165 3393 rere
180 3332 250 3392 licet
270 3331 423 3392 consulum
451 3331 701 3408 dictatorumque,
716 3347 849 3408 quorum
867 3348 924 3389 nee
943 3329 1058 3389 virtutis

60 3503 65 3512 .
98 3435 154 3480 nec
170 3418 307 3478 fortunae
322 3415 382 3475 ullo
396 3413 443 3476 dic
455 3413 598 3494 populum
605 3411 771 3530 Romanum
783 3414 936 3566 paegnituit.
956 3419 986 3473 ct
998 3417 1098 3492 quoii
1171 3496 1173 3502 Ι

140 3533 166 3568 Ἰ
179 3532 244 3569 mvl
257 3528 326 3566 ΡἉΒΒ
339 3529 373 3563 11
577 3547 580 3552 ·
