2546 3936
199 201 260 266 148
401 217 495 258 nmen
507 217 538 258 x.
555 214 623 257 one.
641 202 664 254 l.
681 189 721 275 [a.
735 217 767 256 u.
783 216 809 255 c.
824 201 885 252 451.
904 192 966 278 452]

498 446 685 510 PERIOGHA
704 445 806 506 LIBRI
825 444 861 506 X.

268 619 387 672 Goloniae
399 618 524 668 deductae
535 621 596 664 sunt
607 613 670 664 Sora
683 620 709 663 et
719 612 786 662 Alba
798 619 823 662 et
835 612 955 664 Carseoli.
978 613 1055 666 llarsi
1066 615 1094 664 iu
1113 617 1161 666 de·

200 689 322 739 ditionem
333 686 430 748 accepti
443 689 510 734 sunt.
528 681 662 746 collegium
670 693 795 744 augurum
807 681 955 745 ampliatum
968 687 1018 744 est,
1032 689 1060 732 nt
1073 692 1163 732 esseut

200 771 305 814 novem,
318 767 376 802 cum
387 761 462 802 autea
474 749 589 812 quaterni
600 748 718 797 finissent.
742 747 785 796 lex
797 747 829 796 de
840 749 1019 812 provocatione
1030 749 1063 798 ad
1074 763 1162 814 popu—

198 822 252 872 lnm
268 837 284 872 a
300 820 406 870 Murena
427 817 531 867 consule
547 815 620 865 tertio
636 823 697 864 tuuc
714 813 765 863 lata
783 823 829 864 est.
855 815 921 864 duae
938 815 1020 864 tribus
1042 817 1162 866 adiectae

199 897 274 953 sunt,
291 888 412 938 Aniensis
434 893 459 933 et
475 883 619 932 Terentina.
643 880 799 932 Samnitibus
816 881 911 931 ballum
928 883 1052 932 indictum
1063 890 1116 943 est,
1136 892 1162 934 et

199 958 323 1007 adversus
336 968 380 1003 eos
392 966 471 1015 saepe
482 963 605 1015 prospere
621 956 761 1013 pugnatum
779 955 827 1002 est.
850 963 909 998 cum
926 949 1049 1000 adversus
1066 950 1162 1001 Etrus·

199 1039 243 1074 cos
261 1022 367 1072 Umbros
381 1019 508 1069 Samnites
520 1014 606 1065 Gallos
623 1015 651 1066 P.
668 1015 746 1065 Decio
759 1022 784 1064 ct
801 1015 830 1074 Q.
843 1014 920 1066 Fabio
939 1016 1044 1066 ducibus
1055 1032 1162 1082 pugna·

199 1099 280 1151 retur,
293 1094 319 1137 et
327 1087 456 1136 Romanus
466 1084 591 1134 exercitus
603 1083 630 1132 iu
641 1083 753 1132 maximo
766 1083 912 1132 discrimine
924 1093 1004 1142 esset,
1016 1084 1045 1137 P.
1054 1083 1159 1148 Decius,

199 1165 303 1206 secutus
321 1155 463 1216 exemplum
480 1151 568 1217 patris,
580 1151 684 1200 devovit
695 1165 724 1200 sa
734 1164 781 1215 pro
795 1150 907 1200 exercitu
920 1158 944 1198 et
955 1159 1036 1200 morte
1048 1166 1094 1200 sua
1105 1153 1162 1202 vic·

199 1225 290 1273 tortam
302 1223 356 1271 eius
367 1234 469 1286 pugnae
480 1218 577 1284 populo
588 1217 703 1268 Romano
716 1217 795 1267 dedit.
818 1217 935 1280 Papirius
949 1217 1042 1267 Cursor
1058 1217 1162 1268 Samni·

199 1292 262 1340 tium
280 1289 432 1350 exercitum,
445 1288 489 1350 qni
500 1287 555 1335 iure
566 1285 672 1335 iurando
690 1285 834 1344 obstrictus,
848 1297 899 1346 quo
910 1284 1005 1334 maiore
1016 1287 1162 1335 constantia

199 1357 302 1408 rimatis
313 1362 453 1422 pugnaret,
472 1355 499 1403 in
516 1353 597 1402 aciem
609 1353 790 1411 descenderat,
808 1351 884 1401 ludit.
919 1365 1012 1402 census
1025 1362 1095 1402 actus
1108 1361 1158 1415 est,

199 1425 306 1476 lustrum
319 1423 460 1479 couditumt
480 1435 556 1471 censa
574 1427 633 1470 suut
645 1420 737 1470 civium
754 1419 838 1484 capita
849 1419 968 1474 ccum
979 1425 1004 1468 et
1015 1432 1113 1475 cccxx,

308 1622 386 1684 'llTl
404 1621 480 1683 LIVl
498 1620 545 1682 ΑΒ
566 1619 667 1682 URBE
689 1618 851 1694 CONDITA
871 1619 984 1682 LIBER
1003 1619 1039 1684 X.

173 1784 185 1833 l
262 1775 285 1835 1.
314 1773 347 1836 L.
364 1772 494 1834 Genucio
517 1773 581 1836 Ser.
607 1771 743 1834 Cornelio
771 1771 940 1835 consulibus
966 1772 1002 1835 ab
1030 1777 1162 1836 externis

200 1859 295 1919 terma
309 1855 394 1918 bellis
409 1859 501 1918 otium
515 1857 578 1918 fuit.
609 1859 713 1920 Soram
734 1863 821 1936 atque
836 1855 940 1919 Albam
957 1857 1089 1920 coloniae
1108 1859 1162 1922 de·

201 1941 314 2004 ductae.
350 1939 454 2003 Albam
471 1943 502 2002 in
526 1942 642 2022 Aequos
663 1959 715 2002 sex
736 1939 816 2000 milia
843 1939 1014 2004 colonorum
1037 1945 1159 2024 scripta.

172 2027 275 2088 asora
298 2026 363 2104 agri
382 2023 479 2085 Volsci
504 2025 613 2096 iuerat,
642 2024 695 2086 sed
714 2024 908 2104 possederant
933 2026 1095 2096 Samnites:
1124 2046 1161 2089 eo

200 2115 337 2190 quattuor
353 2108 433 2170 milia
449 2107 603 2170 hominum
620 2110 719 2170 missa.
752 2109 857 2171 eodem
874 2127 952 2170 anno
969 2110 1160 2190 Arpinatibus

171 2192 432 2272 alrebulauisque
452 2195 552 2254 civitas
579 2193 655 2256 data.
691 2193 860 2254 Frusinates
881 2194 966 2254 tertia
987 2203 1072 2272 parte
1096 2197 1162 2274 agri

200 2278 343 2348 damnati,
358 2276 436 2356 quod
450 2277 595 2338 Hernicos
610 2277 646 2339 ab
662 2278 704 2338 eis
719 2276 889 2338 sollicitatos
904 2287 1094 2357 conpertum,
1112 2297 1160 2340 ca-

199 2363 316 2440 pitaque
332 2362 542 2422 coniurationis
555 2363 617 2422 eius
632 2361 804 2440 quaestione
819 2361 856 2422 ab
875 2360 1045 2422 consulibus
1061 2381 1096 2424 ex
1113 2381 1160 2424 se·

171 2454 188 2501 4
201 2453 286 2506 uatus
297 2443 431 2505 coustdto
443 2444 542 2504 habita
554 2445 643 2522 virgis
654 2445 731 2505 caesi
743 2462 778 2504 ao
790 2445 886 2506 securi
896 2447 1038 2525 percussi.
1060 2454 1160 2508 tamen

199 2547 236 2588 ue
254 2545 375 2607 prorsus
395 2526 533 2588 inbellem
555 2534 677 2606 agerent
699 2545 823 2598 aunum,
848 2546 936 2607 parva
960 2529 1107 2608 expeditio
1127 2531 1159 2592 iu

199 2611 319 2674 Umbria
330 2610 406 2672 facta
419 2619 470 2682 cst,
484 2611 562 2691 quod
569 2609 759 2672 nuntiabatur
772 2630 809 2674 ex
819 2611 957 2691 spelunca
971 2612 1096 2692 quadam
1109 2632 1159 2676 ex·

172 2697 353 2756 ocursiones
375 2702 554 2757 armatorum
573 2697 605 2756 iu
626 2712 713 2774 agros
733 2695 808 2756 ficri.
849 2698 880 2756 in
901 2715 966 2757 eam
987 2696 1159 2775 speluncam

199 2785 384 2854 penetratum
400 2796 467 2838 cum
482 2780 573 2856 siguis
589 2787 645 2849 est,
663 2786 742 2840 etex
758 2777 823 2859 [co]
842 2779 907 2840 loco
923 2780 1049 2840 obscuro
1067 2781 1158 2842 multa

201 2859 321 2920 vulnera
346 2869 480 2938 accepta,
506 2863 691 2940 maximeque
706 2863 837 2941 lapidum
857 2865 931 2935 ictu,
956 2864 1050 2926 donec
1065 2865 1158 2927 altero

198 2961 304 3023 specus
322 2945 385 3003 eius
400 2962 452 3004 ore
467 2979 508 2989 -
523 2961 591 3005 uam
611 2947 729 3023 pervius
746 2953 808 3007 erat
825 2983 866 2996 -
881 2939 1000 3008 invento
1016 2955 1158 3030 utraeque-

170 3029 297 3090 araucas
315 3028 461 3105 congestis
472 3027 560 3106 lignis
575 3047 726 3091 acceusae.
756 3032 797 3090 ita
811 3033 891 3092 intus
905 3031 986 3092 fumo
1001 3051 1036 3092 ac
1050 3052 1156 3113 vapore

198 3113 234 3175 ad
254 3111 403 3174 duomilia
421 3121 601 3174 armatorum
616 3115 730 3174 ruentia
746 3117 902 3176 novissime
927 3117 958 3175 iu
979 3117 1057 3195 ipsas
1073 3118 1156 3178 llam·

197 3215 275 3267 mas,
294 3196 364 3257 dum
377 3197 500 3257 evadere
515 3198 652 3266 tendunt,
670 3196 832 3278 absumpta.

170 3291 183 3337 7
260 3281 298 3342 ll.
315 3281 395 3340 Livio
410 3281 535 3351 Dentre,
552 3283 595 3341 M.
610 3281 733 3342 Aemilio
746 3281 914 3345 consulibus
926 3284 1157 3364 redintegratum

198 3363 360 3442 Aequicum
376 3363 495 3426 bellum.
532 3364 677 3424 coloniam
695 3384 782 3444 aegre
803 3369 948 3445 patientes
964 3369 1044 3430 velut
1058 3387 1158 3431 arcem

197 3447 258 3506 suis
269 3445 376 3507 linibus
390 3449 561 3526 inpositam,
578 3443 692 3508 s'umma
703 3453 731 3509 vi
743 3468 911 3530 expugnare
923 3453 1017 3514 adorti
1033 3453 1069 3514 ab
1085 3455 1159 3535 ipsis
