2538 3946
315 216 409 271 mna
422 216 487 258 m.
502 151 630 258 amns.
646 201 689 258 sc.
705 192 746 276 [e.
763 197 799 259 c.
815 193 877 276 are]
1015 199 1077 262 251

114 382 186 426 snm
206 370 259 423 est.
295 362 441 442 proelium
464 361 659 425 aBaliaribus
680 368 777 423 ortum
797 369 855 431 est:
881 361 987 442 quibus
1009 369 1107 424 cumb

115 449 232 508 maiore
256 445 364 508 robore
385 445 516 525 legiones
538 446 728 516 obsisterent,
756 444 873 507 diducta
897 449 1026 526 propere
1045 447 1078 506 in

112 549 230 592 cornua
246 528 318 592 levis
338 537 486 590 armatura
501 535 558 600 est;
581 546 657 609 qnae
678 547 728 590 res
745 527 858 616 effecit,
877 537 911 591 ut
932 531 1105 609 equitatnso

113 613 268 676 Romanus
291 610 437 693 extemplo
457 619 623 692 urgeretur.
660 630 730 674 num
746 607 814 674 lium
834 614 881 674 rix
902 614 1030 691 iamper
1045 631 1078 674 se

113 699 293 760 resisterent
307 696 410 757 decem
426 695 545 758 milibus
560 697 691 776 equitum
706 703 843 776 quattuor
864 695 945 758 milia
959 703 989 758 et
1007 696 1078 758 lessi

113 783 243 858 integris
262 778 424 859 plerisque,
443 779 541 840 obruti
554 787 623 841 sunt
636 781 758 858 insuper
772 778 852 841 velun
868 779 947 841 nube
967 779 1076 842 iaculo·

19 909 25 920 .
113 881 186 928 rum
200 881 217 925 a
230 861 392 924 Baliaribus
408 865 548 924 coniecta.
579 862 688 925 adhoc
703 861 852 942 elephanti
867 865 1031 924 eminentes
1040 862 1105 924 abr

115 947 258 1008 extremis
269 947 422 1017 cornibus
440 948 523 1026 equis
533 949 661 1008 maxime
671 963 731 1006 non
745 948 808 1006 visu
819 947 906 1008 morlo
922 947 974 1008 sed
986 946 1077 1020 orlore

113 1030 236 1092 insolito
247 1029 374 1101 territis,
391 1029 490 1108 sugam
501 1029 558 1092 late
570 1028 726 1090 faciebant.
751 1029 897 1109 pedestris
907 1048 1006 1111 pugna
1023 1036 1106 1109 pare

113 1115 222 1176 animis
250 1115 344 1192 magis
366 1132 454 1192 quam
478 1113 590 1176 viribus
615 1121 692 1182 erat,
719 1131 790 1192 quas
813 1115 941 1175 recentis
961 1113 1078 1186 Poenus

112 1197 204 1278 paulo
216 1205 284 1258 ante
295 1199 404 1258 curatis
416 1197 591 1277 corporibus
604 1198 635 1256 iu
649 1195 794 1276 proelium
807 1195 958 1258 attulerat:
974 1205 1077 1259 oontm

112 1283 214 1343 ieiuna
233 1281 368 1359 fessaque
388 1298 514 1358 corpora
528 1281 668 1341 Romanis
688 1288 718 1341 et
738 1281 864 1359 rigentia
885 1279 953 1358 gelu
976 1287 1075 1360 torpe·

113 1363 198 1425 bant.
231 1365 408 1424 restitissent
418 1370 518 1426 tamen
530 1365 650 1434 animis,
666 1365 770 1424 sicum
781 1363 882 1443 pedite
893 1362 989 1425 solnm
999 1364 1077 1425 foret

113 1454 296 1527 pugnatum
315 1447 377 1526 ,sed
401 1455 431 1508 et
445 1447 575 1510 Baliares
594 1447 679 1527 pulso
704 1447 802 1526 equite
822 1445 1026 1516 iaculabantur
1046 1448 1105 1507 int
1203 1461 1207 1468 ·

113 1531 227 1601 latera,
249 1537 280 1591 et
299 1528 446 1608 elephanti
465 1533 524 1592 iam
544 1533 575 1590 in
596 1531 722 1592 mediam
744 1530 876 1609 peditum
896 1531 989 1592 aciem
1011 1547 1077 1590 sese

114 1614 260 1684 tullerant,
283 1620 313 1675 et
325 1615 410 1691 Mago
426 1614 643 1692 Numidaeque,
664 1613 752 1675 simul
772 1612 900 1676 latebras
915 1632 1017 1675 eorum
1030 1613 1076 1674 iu·

113 1697 238 1778 provida
259 1697 437 1776 praeterlata
458 1699 535 1759 acies
556 1704 614 1768 est,
641 1699 736 1760 exorti
756 1696 792 1758 ab
818 1705 903 1777 tergo
925 1699 1077 1776 ingentem

115 1780 274 1844 tumultum
290 1799 325 1843 ac
341 1793 486 1843 terrorem
502 1782 611 1844 fecere.
640 1788 739 1846 tamen
754 1782 786 1842 in
799 1789 844 1842 tot
859 1782 1074 1842 circumstanti·
1087 1785 1119 1838 1ss
1141 1796 1145 1801 ’

113 1853 172 1926 bus
186 1863 271 1926 malis
284 1867 392 1932 mansit
412 1865 591 1945 aliquamdiu
605 1867 717 1926 inmota
731 1866 822 1935 acies,
846 1867 972 1926 maxime
990 1882 1076 1944 prae·

113 1957 163 2010 ter
184 1965 267 2027 spem
282 1950 413 2009 omnium
435 1949 574 2010 adversus
589 1947 770 2026 elephantos.
802 1965 853 2009 eos
870 1946 972 2006 velites
988 1947 1024 2008 ad
1045 1949 1119 2008 idll

114 2034 213 2112 ipsum
233 2030 321 2093 locati
334 2034 443 2093 verutis
458 2033 600 2093 coniectis
612 2039 641 2091 et
655 2030 787 2092 avertere
805 2035 834 2090 et
853 2031 979 2090 insecuti
993 2047 1077 2090 aver·

101 2135 166 2188 ,sos
180 2115 235 2176 snb
251 2114 365 2185 caudis,
382 2133 440 2194 qua
454 2132 591 2174 maxume
604 2113 688 2173 molli
702 2119 769 2174 cute
784 2111 905 2174 vulnera
920 2113 1075 2192 accipiunt,

114 2197 278 2260 fodiebant.
321 2197 393 2258 LVI.
424 2197 668 2275 Trepidantisque
685 2213 779 2276 prope
796 2197 854 2258 iam
872 2197 904 2257 in
920 2213 990 2257 suos
1007 2201 1105 2257 con-1

115 2288 265 2343 sternatos
276 2298 293 2342 e
304 2280 401 2340 media
416 2279 479 2340 acie
490 2281 524 2345 in
534 2286 696 2340 extremam
709 2278 744 2340 ad
756 2279 905 2340 sinistrum
918 2296 1011 2340 cornu
1026 2278 1077 2340 ad·

115 2381 221 2429 versus
240 2362 337 2425 Gallos
355 2361 511 2424 auxiliares
525 2364 572 2440 agi
587 2363 672 2423 iussit
685 2360 841 2424 Hannibal.
871 2362 914 2422 ibi
931 2360 1077 2442 extemplo

116 2447 197 2510 haud
209 2446 327 2508 dubiam
339 2446 437 2507 secere
447 2447 670 2524 sugam,.eoqne
681 2463 773 2506 novus
783 2454 881 2508 terror
893 2445 1008 2508 additus
1018 2446 1078 2508 llo·

118 2527 230 2601 manis,
247 2537 279 2592 ut
295 2530 358 2591 lusa
375 2529 480 2592 auxilia
491 2548 543 2591 sua
554 2531 699 2591 viderunt.
726 2532 825 2610 itaque
836 2548 903 2590 oum
913 2531 972 2590 iam
986 2532 1018 2591 in
1029 2539 1106 2590 or·2

116 2613 186 2675 bem
200 2621 381 2693 pugnarent,
402 2613 504 2675 decem
523 2613 604 2675 milia
624 2612 717 2675 ferme
736 2614 904 2684 hominnm,
926 2631 993 2675 cnm
1007 2613 1078 2674 alibi
1116 2671 1121 2680 ,

117 2699 243 2759 evadere
253 2699 430 2777 nequissent,
443 2694 686 2759 mediaAlrorum
696 2699 767 2768 acie,
783 2715 857 2776 quae
869 2695 986 2758 Gallicis
997 2698 1078 2758 anxi·

117 2781 165 2842 liis
175 2782 290 2844 firmata
301 2789 378 2853 crat,
396 2799 463 2844 cnm
474 2783 587 2860 ingenti
599 2781 688 2842 caede
701 2782 829 2842 hostium
845 2799 1022 2860 perrupere,
1039 2788 1076 2852 et,

112 2885 184 2950 cum
202 2884 297 2946 neque
314 2867 346 2927 in
361 2872 457 2927 eastra
472 2865 584 2927 reditus
599 2871 676 2926 esset
690 2865 811 2926 flumine
825 2863 1008 2937 interclusis,
1024 2870 1105 2926 ne-lt

118 2967 176 3028 que
198 2968 269 3027 prae
289 2949 380 3010 imbri
403 2951 472 3012 satis
496 2949 658 3011 decernere
679 2957 813 3029 possent,
834 2967 895 3030 qua¹
909 2951 970 3010 suis
990 2967 1077 3028 opem

119 3031 248 3102 ferrent,
259 3032 440 3094 Placentiam
452 3040 534 3093 recto
545 3033 651 3094 itinere
662 3051 832 3112 perrexere.
856 3032 959 3111 plures
970 3031 1106 3091 deludet

118 3117 150 3174 in
167 3132 269 3175 omnes
284 3124 383 3193 partes
401 3117 570 3192 eruptiones
583 3116 701 3180 laetae:
726 3117 819 3193 etqui
838 3115 948 3194 flumen
964 3115 1077 3191 petiere
1175 3189 1178 3194 Ι

119 3205 170 3258 aut
189 3197 353 3275 gurgitibus
373 3197 520 3276 absumpti
542 3204 611 3258 suut
627 3204 677 3257 aut
696 3198 775 3257 inter
794 3197 1011 3258 cunctationem
1031 3197 1077 3255 in·

119 3281 273 3360 gradiendi
285 3281 321 3342 ab
335 3279 469 3341 hostibus
486 3281 634 3358 oppressi3
653 3281 702 3358 qui
716 3280 824 3358 passim
840 3297 895 3359 per
907 3297 993 3356 agros
1010 3279 1107 3356 ingan

119 3367 215 3445 sparsi
229 3373 328 3436 erant,
351 3365 471 3442 vestigia
492 3363 799 3442 cedentissequenies
815 3362 939 3440 agminis
955 3361 1078 3424 Placen-

119 3451 190 3512 tiam
202 3450 398 3520 contendere;
412 3448 477 3510 aliis
488 3449 576 3509 timor
587 3448 715 3509 hostium
728 3445 879 3508 andaciam
891 3445 1079 3527 ingrediendi
