2538 3946
216 183 277 246 196
417 196 513 238 nuans
526 199 556 238 x.
576 196 645 238 444.
664 184 708 238 43.
720 186 762 236 44.
778 173 818 257 [a
834 201 862 240 4.
878 200 904 240 4.
917 177 979 259 4111]

186 355 203 406 o
278 347 328 406 Sic
342 345 378 406 ad
395 345 575 411 Cominium,
597 345 640 405 sic
656 344 692 406 ad
710 344 894 424 Aquiloniam
916 353 998 422 gesta
1015 363 1074 408 res.
1107 348 1188 409 inde

213 430 311 490 medio
332 431 410 490 inter
424 429 495 488 duas
514 427 605 488 urbes
624 429 732 507 spatio,
758 429 811 490 ubi
828 430 916 490 144114
937 436 1090 508 expectata
1114 443 1188 494 erat

212 530 325 594 pugna,
355 514 455 574 hostes
479 529 539 573 non
561 513 682 573 inventi.
732 520 846 592 septem
865 511 945 574 milia
967 531 1086 592 passum
1110 533 1187 578 cum

214 597 351 660 abessent
365 615 382 657 4
399 597 546 666 Cominio,
561 596 689 657 revocati
704 595 740 656 41)
755 598 816 658 4414
831 597 930 657 444141
945 597 1058 676 proelio
1071 616 1187 661 occur-

171 689 205 742 10
214 689 328 742 rerunt.
358 682 463 760 primis
478 679 572 742 ferme
587 679 733 751 tenebris,
757 699 824 741 cum
838 683 870 740 in
884 689 1044 760 conspectu
1055 683 1115 742 iam
1129 702 1186 744 ca-

212 773 289 837 stra,
301 767 359 826 iam
372 763 557 844 Aquiloniam
571 763 757 835 habuissent,
772 764 884 825 clamor
898 782 948 826 eos
960 767 1110 845 utrimque
1121 785 1186 846 par

170 855 201 909 11
214 848 352 912 accidens
374 849 528 916 sustinuit;
556 847 663 908 deinde
684 849 806 925 regione
827 855 1005 918 castrorum,
1031 867 1108 930 quae
1130 853 1183 912 in-

212 952 300 995 censa
321 932 359 994 ab
379 933 519 994 Romanis
540 939 640 1001 erant,
668 931 786 992 11444444
812 931 870 992 1414
893 932 957 992 lusa
974 935 1095 994 certiori
1117 933 1183 995 414-

171 1025 204 1078 12
214 1019 259 1079 dis
270 1016 380 1078 indicio
390 1015 530 1095 progredi
541 1013 656 1093 longius
667 1015 828 1094 prohibuit.
849 1034 884 1076 eo
896 1016 960 1095 ipso
971 1015 1036 1078 loco
1050 1016 1182 1100 [prope]

211 1109 325 1162 temere
346 1099 400 1161 suh
423 1100 512 1160 armis
532 1101 615 1159 strati
637 1100 746 1178 passim
766 1101 929 1181 inquietum
951 1118 1038 1162 omne
1058 1108 1183 1181 tempus

168 1185 309 1246 13444114
330 1182 511 1263 expectando
528 1183 718 1262 timendoque
735 1182 832 1244 lucem
846 1201 944 1262 egere.
980 1185 1076 1262 prima
1098 1183 1180 1254 luce,

210 1269 333 1338 incerti,
347 1286 435 1347 44444
446 1269 477 1328 14
488 1276 603 1348 partem
617 1266 806 1329 intenderent
814 1269 886 1338 iter,
899 1275 1022 1347 repente
1033 1270 1063 1327 14
1074 1268 1181 1347 lugam

210 1358 439 1414 consternantur
458 1353 609 1432 conspecti
629 1351 665 1412 ah
681 1350 843 1431 equitibus,
867 1352 917 1431 qui
937 1369 1072 1429 egressos
1087 1361 1182 1412 44414

209 1434 248 1496 41)
263 1435 372 1516 oppido
393 1437 539 1498 Samnites
553 1436 703 1514 persecuti
726 1435 859 1496 viderant
879 1433 1098 1497 multitudinem
1113 1454 1181 1496 non

166 1519 299 1592 1444114,
328 1538 389 1581 444
412 1518 586 1582 stationibus
612 1519 773 1589 firmatam
796 1525 953 1599 conspecta
973 1525 1003 1580 et
1023 1537 1059 1580 ex
1079 1522 1181 1580 muris

209 1603 382 1685 Aquiloniae
394 1622 427 1665 44
440 1603 596 1665 multitudo
611 1611 687 1673 4441,
702 1604 820 1682 iamque
832 1604 919 1663 etiam
932 1602 1111 1680 legionariae
1124 1622 1179 1664 oo-

210 1686 311 1749 hortes
329 1687 538 1767 sequebantur.
569 1693 701 1750 ceterum
718 1704 774 1746 nec
787 1686 878 1767 pedes
904 1686 1049 1765 fugientes
1070 1705 1179 1766 perse·

209 1772 260 1850 qui
276 1772 385 1849 potuit,
408 1778 439 1831 et
453 1770 490 1831 ab
508 1771 605 1849 equite
618 1770 769 1830 novissimi
791 1771 915 1848 agminis
937 1770 1056 1831 ducenti
1077 1771 1179 1832 lerme

149 1853 199 1913 ‘tn
211 1860 239 1914 ct
255 1855 402 1933 octoginta
415 1854 574 1915 1414414411.
604 1871 686 1914 arma
702 1852 793 1915 multa
812 1853 909 1932 pavidi
929 1872 964 1914 44
986 1856 1070 1932 signa
1095 1855 1178 1915 mili-
1235 1921 1236 1924 Ἴ

209 1938 283 1999 14414
301 1937 501 2021 duodeviginti
519 1937 683 2017 reliquere;
705 1936 763 1998 alio
779 1939 896 2014 agmine
909 1936 1066 2009 incolumi,
1088 1945 1121 2000 ut
1138 1958 1176 2001 cx
1235 1943 1236 1947 ’

209 2029 289 2083 tanta
304 2022 515 2102 trepidatione,
532 2021 693 2083 Bovianum
708 2029 883 2101 perventum
894 2029 949 2082 441.

182 2109 196 2161 1
268 2106 365 2167 XLIV.
395 2108 546 2168 Laetitiam
572 2107 724 2184 utriusque
740 2105 886 2166 exercitus
902 2105 1028 2166 llcmani
1047 2107 1129 2166 auxit
1145 2115 1177 2166 41

207 2189 244 2251 41)
265 2188 356 2250 411444
384 2199 469 2269 parte
497 2190 623 2263 feliciter
642 2197 724 2268 gesta
745 2206 803 2250 res.
844 2195 969 2268 uterque
989 2209 1025 2251 ex
1051 2189 1175 2251 alterius

207 2275 352 2336 sententia
369 2273 472 2335 consul
493 2281 611 2352 captum
633 2273 773 2353 oppidum
794 2270 992 2350 diripiendum
1014 2272 1100 2334 militi
1120 2273 1173 2334 de·

180 2358 263 2428 edit,
285 2359 434 2420 exhaustis
450 2357 557 2419 deinde
579 2359 664 2419 tectis
678 2359 778 2436 ignem
793 2356 911 2424 iniecit,
939 2356 1103 2436 eodemque
1124 2357 1173 2417 die

207 2441 363 2522 Aquilonia
374 2449 405 2502 et
418 2442 585 2504 Cominium
602 2441 811 2518 deflagravere,
826 2447 856 2499 et
870 2439 1007 2501 consules
1022 2459 1088 2502 cum
1104 2457 1172 2518 gra-

179 2525 347 2587 3tulatione
366 2533 467 2586 mutua
488 2524 640 2604 legionum
659 2542 769 2603 suaque
794 2531 890 2584 castra
911 2526 1102 2585 coniunxere.
1139 2526 1171 2584 iu

207 2616 367 2688 conspectu
384 2609 510 2672 duorum
522 2610 704 2670 exercituum
720 2613 749 2668 et
764 2606 906 2668 Carvilius
923 2625 992 2668 suos
1007 2628 1062 2688 pro
1074 2609 1171 2669 cuius-

206 2711 264 2772 que
286 2694 392 2754 merito
414 2693 543 2755 laudarit
564 2693 754 2771 donavitque,
775 2697 805 2750 et
818 2691 968 2769 Papirius,
991 2692 1069 2772 apud
1081 2710 1171 2772 quem

206 2775 360 2855 multiplex
378 2779 410 2837 in
434 2779 511 2847 acie,
533 2778 612 2838 circa
633 2784 742 2846 castra,
764 2775 844 2836 cirea
865 2774 970 2836 urbem
991 2776 1089 2837 iuerat
1105 2795 1170 2837 cer·

206 2866 319 2928 tamen,
344 2861 394 2937 Sp.
410 2860 565 2932 Nautium,
588 2861 638 2938 Sp.
653 2860 803 2939 Papirium
819 2858 920 2918 fratris
937 2859 1028 2921 filium
1044 2867 1073 2921 et
1086 2869 1170 2940 4441-

206 2950 274 3002 tuor
282 2943 471 3004 centuriones
479 2943 719 3024 manipulumque
730 2943 912 3002 hastatorum
925 2944 1047 3006 armillis
1058 2947 1172 3006 aurcis·
1230 2977 1231 2982 .

177 3036 264 3107 «tque
277 3027 395 3087 coronis
406 3025 539 3088 donarit:
572 3028 711 3090 Nautium
728 3033 852 3105 propter
863 3027 1096 3104 expeditionem,
1113 3047 1171 3107 qua

207 3111 308 3188 magni
323 3113 447 3190 agminis
462 3111 550 3172 modo
569 3119 719 3173 terruerat
731 3111 846 3180 hostes,
866 3112 1002 3173 iuvenem
1018 3113 1171 3192 Papirium
1229 3179 1230 3190 q

206 3201 330 3273 propter
351 3202 485 3258 44441444
506 3215 574 3258 cum
595 3198 727 3276 equitatu
749 3203 778 3255 41
803 3198 835 3255 14
859 3195 972 3274 proelio
994 3215 1113 3277 operam
1141 3203 1171 3255 et
1229 3191 1230 3205 ¹

206 3284 307 3348 nocte,
330 3281 398 3357 quia
413 3281 512 3358 lugam
526 3281 662 3342 infestam
678 3277 858 3341 Samnitibus
873 3279 909 3340 ab
925 3281 1077 3359 Aquilonia
1093 3278 1168 3338 clam

181 3361 336 3435 tegressis
352 3362 438 3433 14411;
455 3367 643 3426 centuriones
659 3364 842 3441 militesque,
868 3363 934 3439 quia
950 3365 1038 3440 primi
1052 3370 1167 3440 portam
1228 3361 1229 3364 ’

207 3457 386 3523 murumque
405 3446 575 3526 Aquiloniae
597 3455 753 3526 ceperant;
782 3446 895 3523 equites
915 3463 1017 3504 omnes
1039 3443 1077 3504 ob
1096 3442 1167 3500 insi-
