2546 3936
208 181 251 246 82
388 199 564 244 11111111.
580 199 650 244 car.
666 187 708 242 st.
724 187 766 241 32.
782 178 822 263 [a.
836 203 868 244 u.
884 179 989 265 1429]

176 353 199 404 ’1
214 349 342 409 siturum
358 347 464 419 luisse3
481 351 549 429 qula
563 349 594 410 ld
613 356 753 430 nequeat,
774 351 806 411 in
821 365 915 411 unum
936 349 1062 421 saevire3
1079 351 1173 414 etiem

210 431 350 493 invidiam
371 440 520 513 tamquam
539 435 639 511 ignem
663 451 778 495 summa
798 440 916 514 petere;
941 433 973 494 in
994 441 1082 515 caput
1097 453 1170 496 con·

210 515 282 587 silii,
301 518 333 577 in
345 516 450 578 ducem
461 519 625 579 incurrere.
649 518 675 578 si
687 536 720 579 se
732 515 819 579 simul
830 535 898 578 cum
910 516 1003 596 gloria
1013 519 1059 578 rei
1069 525 1170 597 gestae

210 602 395 672 extinxisset,
417 608 488 662 tunc
502 603 660 672 victorem,
682 599 761 662 velut
779 602 811 661 in
826 608 911 680 cepto
927 603 1058 662 exercitu
1073 601 1169 663 domi-

209 692 343 757 nantem,
359 683 500 764 quidquid
511 683 627 745 licuerit
637 686 669 744 in
680 686 821 764 magistro
833 685 973 765 equitum,
984 686 1016 745 ln
1027 684 1169 746 militibus

179 773 357 830 sensurum.
370 767 497 847 proinde
509 767 645 830 adessent
655 769 745 830 insuar
756 787 843 830 carisa
850 769 981 829 omnium
989 768 1128 830 libertati.
1143 771 1170 829 si

208 869 384 913 consensum
392 853 538 912 exercitus
546 851 681 923 eundem,
691 853 741 933 qui
751 854 782 913 in
791 850 904 931 proelio
913 853 1168 925 fueritintuenda

207 937 330 996 victoria
337 934 442 1004 videat,
452 941 480 995 et
487 933 705 997 salutemunius
715 935 852 997 omnibus
860 954 948 996 curae
955 953 1028 1007 esse,
1045 935 1167 997 inclina·

177 1026 307 1079 iturum
324 1018 361 1079 ad
385 1017 606 1079 clementiorem
617 1021 793 1081 sententiam
809 1021 949 1081 animum.
972 1027 1125 1098 postremo
1137 1038 1168 1080 se

206 1103 295 1163 vitam
315 1100 506 1182 fortunasque
520 1121 587 1164 suas
601 1101 719 1164 illorum
735 1103 804 1164 fidei
816 1105 972 1182 virtutique
985 1105 1167 1184 permittere.

178 1193 192 1244 1
205 1185 320 1246 XXXII.
334 1185 685 1248 Clamoretotacontione
693 1193 786 1266 ortus,
799 1189 843 1248 uti
853 1186 965 1247 bonum
978 1189 1109 1249 animum
1115 1187 1168 1248 ba-

205 1267 1166 1348 beret:neminemillivimadlaturumsalrislegionibusllomanis.

269 1353 354 1416 Haud
366 1353 458 1415 multo
470 1362 537 1434 post
549 1354 675 1416 dictator
686 1354 812 1425 advenit,
828 1354 1009 1434 classicoque
1021 1354 1167 1435 extemplo

176 1436 242 1499 aad
258 1440 427 1499 contionem
439 1438 598 1499 advocant.
631 1447 693 1499 tum
710 1437 826 1499 silentio
841 1438 919 1499 lacto
933 1456 1042 1517 praeco
1059 1438 1094 1510 Q.
1111 1439 1166 1501 Fa-

205 1520 289 1582 bium
304 1523 478 1598 magistrum
499 1523 631 1600 equitum
653 1524 760 1583 citavit.
800 1523 850 1601 qui
873 1521 960 1582 simul
975 1540 1011 1582 ex
1025 1522 1167 1582 inferiore

177 1604 272 1665 eloco
288 1604 325 1665 ad
340 1603 472 1682 tribunal
487 1606 624 1674 accessit,
646 1613 709 1666 tum
732 1605 873 1666 dictator:
895 1614 1058 1685 „quaero“
1074 1607 1169 1685 inquit

207 1735 226 1758 „
234 1687 272 1748 de
289 1694 333 1756 te,
354 1686 389 1758 Q.
414 1686 502 1757 Fabi,
527 1705 595 1747 cum
610 1705 758 1750 summum
779 1689 937 1768 imperium
954 1689 1106 1750 dictatoris
1120 1692 1166 1760 sit,

206 1777 389 1852 pareantque
409 1772 436 1831 ei
458 1769 606 1842 consules,
622 1772 704 1850 regia
719 1779 865 1852 potestas,
881 1778 1051 1851 praetores,
1073 1773 1169 1833 isdem

209 1855 346 1934 auspiciis
367 1853 473 1934 quibus
496 1853 631 1918 consules
656 1857 762 1926 creati,
782 1873 909 1935 aequum
935 1873 1057 1918 censens
1072 1873 1169 1917 necne
1247 1857 1248 1866 ’

178 1940 382 2017 tmagistrum
403 1940 534 2018 equitum
558 1938 636 2000 dicto
659 1939 829 2000 audientem
845 1939 927 1999 essei
945 1939 1077 2019 itemque
1095 1938 1170 2000 illud

206 2024 373 2101 interrogo,
397 2041 465 2084 cum
482 2041 530 2083 me
546 2024 669 2084 incertis
692 2023 830 2102 auspiciis
845 2022 1012 2101 protectum
1027 2022 1063 2083 ab
1081 2023 1169 2084 domo

206 2108 331 2178 scirem,
351 2115 451 2168 utrum
469 2106 543 2167 mibi
566 2106 691 2168 turbatis
712 2105 905 2185 religionibus
929 2104 1117 2185 respublica
1137 2108 1170 2167 in

207 2189 367 2251 discrimen
381 2190 591 2252 committenda
612 2191 702 2252 luerit
718 2208 756 2251 an
776 2191 907 2271 auspicia
928 2189 1105 2269 repetenda,
1130 2208 1170 2250 ne

176 2275 276 2354 equid
293 2273 388 2335 dubiis
401 2275 445 2335 dis
463 2275 600 2353 ageremi
614 2273 701 2336 simul
715 2273 802 2345 illud,
821 2291 895 2353 quae
911 2273 1049 2334 dictatori
1064 2272 1170 2352 religio
1246 2299 1247 2320 1

206 2358 408 2438 inpedimento
431 2358 553 2419 adrem
576 2359 738 2438 gerendam
755 2358 858 2428 luerit,
884 2375 956 2418 num
972 2374 1006 2417 ea
1027 2359 1170 2435 magister
1246 2371 1247 2419 l

206 2445 337 2522 equitum
353 2441 466 2504 solutus
482 2460 517 2502 ae
533 2441 610 2502 liber
624 2443 754 2520 potuerit
768 2443 852 2506 esset
874 2440 925 2502 sed
942 2440 1012 2519 quid
1024 2457 1079 2518 ego
1093 2441 1171 2502 haec

204 2527 376 2604 interrogoi
393 2544 477 2597 cum,
492 2528 584 2604 siege
598 2527 704 2586 tacitus
718 2524 859 2596 abissem,
878 2531 978 2585 tamen
993 2523 1047 2584 tibi
1064 2523 1101 2584 ad
1117 2542 1170 2584 vo-

204 2609 325 2672 luntatis
349 2609 626 2690 interpretationem
652 2627 736 2670 meae
762 2607 916 2686 dirigenda
944 2615 994 2668 tua
1021 2609 1171 2668 sententia

176 2693 303 2755 eluerit.
338 2696 410 2773 quin
439 2701 470 2754 tu
487 2691 665 2775 respondes,
687 2694 870 2754 vetuerimne
889 2699 919 2752 te
940 2693 1097 2771 quicquam
1124 2693 1171 2751 rei
1245 2701 1246 2734 ἐ

204 2795 254 2837 me
272 2777 393 2838 absente
414 2794 517 2855 agere,
539 2778 724 2838 vetuerimne
748 2777 831 2855 signa
853 2793 921 2836 cum
944 2774 1079 2836 hostibus
1096 2791 1170 2835 con·
1245 2815 1246 2860 ;

177 2859 304 2920 7111111
335 2878 393 2940 quo
423 2869 456 2922 tu
472 2861 599 2939 imperio
630 2879 697 2921 meo
719 2866 835 2939 spreto,
866 2860 989 2920 incertis
1020 2860 1171 2938 auspiciis,

206 2941 333 3005 turbetis
355 2942 549 3022 religionibus
571 2942 710 3005 adversus
733 2961 848 3004 morem
864 2941 1021 3004 militarem
1038 2940 1170 3022 discipli·

206 3046 335 3107 namque
350 3029 496 3089 maiorum
510 3035 541 3089 et
555 3045 666 3088 numen
681 3026 806 3088 deorum
827 3045 915 3089 ausus
937 3045 969 3088 es
991 3044 1059 3087 cum
1080 3026 1170 3087 hoste

177 3112 377 3191 econiligere.
406 3112 551 3185 adhaec,
576 3130 651 3191 quae
666 3113 866 3190 interrogatus
883 3129 930 3181 es,
951 3109 1114 3189 responde,
1139 3117 1171 3170 at

174 3204 287 3258 eextra
308 3215 342 3258 ea
364 3215 433 3258 cave
456 3215 558 3259 rocem
580 3197 688 3258 mittas.
724 3194 848 3266 accede,
875 3193 994 3255 lictor.“
1027 3193 1171 3255 adversus

207 3298 283 3360 quae
297 3280 413 3359 singula
429 3300 496 3343 cum
513 3279 696 3362 respondere
717 3279 797 3340 haud
813 3278 899 3340 lacile
915 3284 1008 3347 esset,
1035 3285 1065 3338 et
1086 3294 1170 3337 nnnc

209 3364 514 3442 quereretureundem
522 3371 723 3426 accusatorem
735 3364 839 3443 capitis
851 3363 896 3424 sui
907 3379 942 3423 ac
955 3360 1082 3422 iudicem
1091 3377 1169 3430 esse,

209 3446 298 3506 modo
309 3449 397 3508 111111
409 3447 465 3508 sibi
480 3449 555 3527 eripi
571 3449 655 3508 citius
667 3465 754 3528 quam
768 3447 890 3526 glorium
901 3463 1002 3507 rerum
1018 3451 1171 3524 gestarum
