2532 3938
151 164 194 225 44
362 174 455 216 amun
469 173 529 215 vn..
539 157 606 213 cae.
622 158 666 213 40.
683 147 722 232 [a.
733 173 766 211 u.
783 172 809 210 c.‘
824 147 886 230 412]

152 327 293 402 signaque
315 325 474 400 agnovere,
506 317 810 397 extemploqomnibus
830 319 970 377 memoria
992 320 1110 397 patriae
1147 343 1156 363 .-

119 411 210 468 airas
225 406 389 486 permulsit.
429 403 560 463 nondum
581 409 672 464 erant·
684 409 744 464 tam
762 400 853 486 lentes
877 400 912 460 ad
936 403 1112 479 sanguinem

151 490 279 560 civilem,
306 508 361 549 nec
383 496 502 567 praeter
526 493 646 546 externa
667 483 809 556 noverant
829 481 928 555 bella,
949 485 1123 566 ultimaque,

151 574 248 635 rabies
262 575 388 634 secessio
406 571 441 632 ab
458 572 517 631 suis
532 568 711 630 habebatur:
733 569 832 645 itaque
847 569 904 626 iam
921 568 1024 637 duceS,
1049 571 1111 631 iam
1200 637 1201 640 Ἴ

120 666 136 716 3
151 658 259 719 milites
270 658 419 735 utrimque
430 671 605 732 congressus
620 670 764 730 quaerere
780 651 816 710 ad
831 651 999 730 conloquia,
1017 653 1111 723 Quin·

151 744 240 810 ctiuS,
261 759 349 820 quern
373 745 522 799 armorum
547 739 634 796 etiam
657 754 711 814 pro
731 737 824 811 patria
846 737 964 794 satietas
984 738 1110 807 teneret,
1160 749 1165 755 ’

77 834 79 838 ’
151 825 258 885 nedum
274 824 414 884 adversus
433 822 573 900 patriam,
597 819 753 888 Corvinus,
775 821 1016 881 omnescarit'ate
1031 821 1111 880 cives

151 910 309 988 praecipue
320 905 431 969 milites
447 913 476 964 et
491 913 558 964 ante
572 904 647 985 ‚alios
660 921 745 962 suum
762 903 922 962 exercitum
937 902 1109 981 conplexus.
1128 931 1131 936 ·

118 987 176 1052 tis
194 991 230 1051 ad
252 990 439 1072 conloquium
462 989 618 1067 processit.
657 988 777 1064 cognito
805 987 832 1045 ei
858 986 1012 1065 extemplo¹
1030 986 1111 1047 haud

147 1077 265 1152 'minore
281 1073 316 1133 ab
332 1067 505 1132 adversariis
523 1071 699 1131 verecundia
721 1074 808 1148 quam
831 1068 866 1129 ab
878 1071 943 1146 suis
961 1068 1110 1133 silentium
1148 1123 1151 1130 .
1249 1133 1250 1136 ,

122 1151 260 1217 ‘datum'
279 1156 424 1226 ·‘„deos“
442 1156 536 1234 inquit
556 1151 767 1226 „inmortales,
784 1153 906 1224 milites,
929 1161 1109 1234 vestrospu·v
1198 1153 1201 1156 ’
1249 1223 1250 1232 ¹

150 1240 244 1301 blicos
267 1257 407 1319 meosque
422 1237 458 1299 ab
481 1239 554 1299 urbe
574 1239 764 1318 proficiscens
780 1239 829 1298 ita
842 1237 959 1297 adoravi
979 1240 1109 1298 veniam·
1249 1237 1250 1270 ³

150 1344 206 1404 que
221 1322 344 1402 supplex
360 1325 494 1402 poposci,
511 1329 543 1383 ut
563 1324 635 1383 mibi
656 1322 691 1382 de
712 1321 793 1381 vobis
816 1322 993 1382 concordiae
1005 1329 1110 1400 partae

117 1408 285 1486 tgloriam,
315 1425 375 1466 non
394 1407 546 1478 victoriam
568 1407 680 1465 darent.
708 1405 851 1486 satisfuit
878 1408 1007 1484 eritque,
1030 1403 1110 1467 unde

149 1491 218 1552 belli
239 1492 327 1551 decus
355 1492 501 1568 pariatur:
533 1490 603 1549 binc
626 1507 683 1566 pax
703 1489 828 1569 petenda
851 1495 903 1548 est.
938 1489 1015 1569 quod
1039 1489 1110 1549 deos
1173 1494 1175 1498 ’

116 1573 319 1635 tinmortales
333 1576 411 1632 inter
426 1572 623 1650 nuncupanda
634 1580 699 1630 vota
716 1574 887 1651 expoposci,
904 1575 966 1633 eius
977 1590 1108 1652 mecon·

141 1667 248 1736 potem
261 1657 320 1714 voti
334 1661 384 1714 vos
396 1655 493 1714 lacere
508 1657 637 1734 potestis
653 1657 678 1714 si
693 1656 861 1715 meminisse
876 1655 969 1725 vultis,
987 1675 1047 1716 non
1058 1660 1117 1716 vos

148 1743 181 1800 in
197 1741 316 1800 Samnio
332 1740 432 1798 necin
452 1738 579 1808 Vulscis‚
604 1738 655 1798 sed
675 1739 705 1797 in
720 1738 853 1799 Romano
870 1739 932 1799 solo
947 1741 1109 1800 castra-ha·
1159 1797 1164 1801 .

148 1824 237 1892 bere,
261 1825 285 1882 si
306 1820 371 1882 illos
388 1821 491 1894 colles,
514 1841 587 1900 quos
606 1824 741 1891 cernitis,
762 1825 875 1900 patriae
896 1831 1009 1884 uestrae
1035 1817 1110 1894 esse,

151 1909 176 1966 si
204 1907 285 1967 hunc
313 1908 476 1966 exercitum
505 1908 611 1967 civium
632 1914 812 1977 vestrorum,
841 1907 865 1966 si
888 1926 935 1967 ma
958 1906 1110 1968 consulem

147 1999 291 2059 vestrum,
308 1991 390 2049 ouius
406 1989 496 2050 ductu
510 1993 697 2069 auspicioque
710 1992 809 2070 priore
825 2008 902 2050 anno
918 1990 964 2050 bis
978 1990 1110 2068 legiones

117 2079 134 2129 7
150 2074 324 2134 Samnitium
341 2072 470 2141 fudistis,
488 2073 534 2132 bis
551 2081 646 2134 castra
662 2075 688 2133 vi
705 2071 833 2152 cepistis.
851 2087 907 2152 ego·
920 2093 985 2135 sum
999 2075 1037 2134 Μ.
1054 2073 1108 2152 Va-

148 2156 239 2218 lerius
262 2156 386 2226 Corvus,
414 2155 541 2226 milites„
564 2159 646 2218 cuius
672 2175 723 2218 vos
749 2156 931 2218 nobilitatem
959 2157 1109 2218 benefieiis

149 2257 218 2317 erga
240 2259 305 2309 vos,
328 2258 388 2315 non
409 2241 524 2301 iniuriis
544 2243 688 2311 sensistis,
715 2241 822 2302 nullius
846 2241 992 2320 superbae
1013 2243 1043 2300 in
1057 2259 1109 2302 vos

147 2323 239 2402 legis,
255 2322 362 2384 nullius
377 2323 503 2384 crudelis
516 2333 634 2385 senatus
649 2325 773 2385 consulti
791 2333 908 2403 auctor,
926 2327 956 2384 in
972 2325 1109 2385 omnibus

117 2409 223 2468 8meis
242 2408 374 2486 imperiis
389 2409 418 2466 in
438 2426 485 2467 me
508 2411 638 2468 severior
660 2427 746 2487 quam
766 2409 796 2468 in
811 2427 871 2469 vos.
906 2411 982 2482 acsi
994 2412 1041 2469 cui
1057 2428 1108 2486 ge-

135 2509 218 2568 nus,
237 2493 262 2551 si
277 2492 390 2550 cuisua
405 2492 512 2561 virtus,
535 2493 560 2550 si
577 2493 624 2552 cui
641 2493 727 2551 etiam
745 2494 894 2562 maiestas,
912 2495 938 2552 si
953 2494 1000 2551 cui
1014 2493 1109 2554 hono·

96 2641 98 2646 ,
147 2593 196 2634 res
210 2573 338 2634 subdere
350 2575 471 2652 spiritus
482 2582 655 2652 potuerunt,
668 2577 693 2634 is
705 2573 898 2646 eram'natus,
914 2576 943 2634 id
959 2578 1108 2655 specimen

146 2659 207 2717 mei
224 2657 380 2727 dederam,
398 2676 431 2716 ea
446 2659 540 2718 aetate
554 2656 737 2718 consulatum
755 2659 877 2737 adeptus
894 2678 989 2729 eram,
1006 2667 1038 2719 ut
1054 2678 1107 2738 po·

146 2742 255 2801 tuerim
270 2741 323 2798 tris
344 2748 374 2798 et
394 2741 496 2816 viginti
511 2760 604 2802 annos
624 2747 709 2802 natus
726 2742 828 2802 consul
844 2742 977 2821 patribus
992 2760 1108 2821 quoque

115 2829 133 2880 9
146 2823 231 2882 ferox
244 2840 322 2890 esse,
337 2839 396 2881 non
408 2822 502 2882 solum
514 2823 603 2903 plebi.
633 2824 711 2904 quod
724 2844 822 2886 meum
839 2826 948 2886 lactum
962 2825 1107 2886 dictumve

148 2902 278 2966 consulis
298 2906 415 2982 gravius
444 2924 528 2984 guam
550 2906 663 2968 tribuni
692 2907 831 2968 audistis?
872 2910 976 2969 eodem
1006 2916 1107 2969 tenore

149 2989 207 3050 duo
226 2990 414 3068 insequentes
428 2987 597 3050 consulatus
612 2992 704 3068 gessi,
730 2990 833 3052 eodem
855 2993 928 3052 haec
948 2994 1107 3072 imperiosa

147 3073 289 3134 dictatura
306 3079 424 3150 geretur
458 3068 516 3153 [ut]
531 3091 626 3153 neque
641 3075 671 3134 in
683 3075 737 3134 hos
750 3093 833 3136 meos
851 3084 879 3136 et
893 3077 1006 3154 patriae
1023 3093 1108 3136 meae

146 3155 261 3217 milites·
278 3158 336 3216 erit
354 3157 455 3215 mitior
475 3175 562 3237 quam
579 3159 612 3219 in
632 3177 683 3218 vos
699 3191 741 3203 —
757 3157 866 3220 horreo
883 3159 1033 3218 dicere-
1052 3159 1107 3218 bo·
1132 3199 1133 3204 η

105 3241 208 3299 tostis.
250 3257 321 3317 ergo
343 3257 395 3300 vos
416 3242 499 3318 prius
520 3242 552 3301 in
574 3260 622 3303 me
643 3243 822 3303 strinxeritis
842 3243 955 3302 ferrum
973 3259 1059 3320 quam
1076 3244 1107 3301 in

145 3339 197 3381 vos
213 3339 281 3398 ego:
298 3323 385 3382 istinc
401 3326 485 3400 signa
503 3333 623 3396 canent,
646 3327 734 3386 istinc
754 3325 868 3386 clamor
888 3327 971 3403 prius
985 3324 1114 3402 incipiet

105 3409 234 3482 tlatque
254 3405 396 3482 impetus,
419 3408 444 3466 sl
461 3406 661 3469 dimicandum
684 3415 736 3468 est.
774 3408 902 3468 inducite
919 3408 950 3465 in
966 3409 1105 3476 animum,
