2542 3956
341 356 435 400 mna
450 355 540 400 xxm.
558 355 627 400 oar.
642 345 684 397 ²2.
700 333 740 420 [a.
757 339 791 402 (i.
808 337 871 421 tto]
1023 342 1084 408 341

125 508 290 578 minuerat,
311 511 453 585 quantum
475 503 604 567 consiliis
631 505 768 567 humanis
793 503 912 586 adsequi
937 512 1082 585 poterant,

125 597 225 670 patres
239 587 420 668 explessent,
435 589 554 650 tandem
565 606 598 650 se
612 607 730 670 quoque
744 597 774 650 et
784 587 971 652 solitudinem
984 589 1111 651 curiaet

126 675 360 754 paucitatemque
377 673 613 734 convenientium
631 673 668 734 ad
689 671 839 752 pubiicum
865 671 1020 735 consilium
1036 690 1083 734 re·

126 763 301 837 spexerunt:
320 757 505 836 nequeenim
521 756 801 835 postulantium
816 764 845 818 et
860 757 891 819 C.
907 756 1110 819 Flaminiumtt

126 846 391 902 censoressenatus
404 837 498 900 lectus
507 839 618 911 iuerat,
638 858 705 902 oum
720 846 834 902 tantum
849 847 1018 902 senatorum
1032 838 1084 900 ad-

126 941 227 986 versae
242 940 372 1003 pugnae,
390 923 426 985 ad
440 922 498 984 boe
511 925 556 985 sui
573 941 720 1005 quemque
742 942 828 986 casus
850 941 904 1004 per
919 926 1084 1004 quinquen-

1 1061 2 1064 ,
126 1009 209 1070 nium
224 1007 463 1087 absumpsissent.
503 1025 570 1070 cum
592 1005 629 1068 de
649 1024 684 1069 ea
700 1026 734 1068 re
747 1008 786 1070 it.
802 1007 942 1070 Aemilius
963 1015 1111 1088 praetore

126 1091 268 1154 dictatore
283 1098 351 1171 post
372 1089 529 1153 Casilinum
550 1091 689 1153 amissum
708 1091 841 1172 proiecto
861 1094 920 1154 iam
942 1092 979 1153 ad
1000 1109 1084 1152 exer·

126 1177 216 1236 citum
231 1173 456 1253 exposcentibus
471 1176 585 1236 cunctis
599 1174 769 1248 rettulisset,
788 1185 849 1238 turn
868 1177 918 1257 Sp.
934 1173 1083 1244 Carvilius,

1 1263 3 1331 i
126 1277 194 1320 cum
210 1257 297 1337 louga
322 1259 455 1319 oratione
478 1275 539 1319 non
561 1257 655 1320 solum
674 1260 803 1340 inopiam
824 1267 1008 1338 mammem,
1031 1258 1083 1320 sed

1 1399 2 1440 ᾗ
125 1344 303 1423 paucitatem
320 1343 408 1402 etiam
424 1342 546 1413 civium,
567 1360 604 1403 ex
622 1341 728 1423 quibus
744 1344 776 1403 in
789 1349 888 1421 patres
903 1343 1084 1422 legerentur,

126 1431 304 1506 conquestus
319 1432 411 1496 esset,
434 1423 571 1506 explendi
589 1433 708 1488 senatus
724 1444 810 1488 causa
827 1434 857 1488 et
877 1425 1019 1505 iungendi
1036 1433 1113 1486 ar·5

1 1535 2 1540 ¹
126 1511 184 1571 tius
205 1509 302 1570 Latini
324 1509 452 1569 nominis
472 1526 539 1570 cum
567 1508 675 1590 populo
697 1510 831 1572 Romano
851 1525 1031 1589 magnopere
1052 1526 1097 1590 se.

126 1593 251 1655 suadere
266 1591 347 1659 dixit,
361 1600 395 1654 ut
408 1610 444 1652 ex
457 1592 580 1672 singulis
593 1592 711 1673 populis
722 1593 894 1656 Latinorum
905 1593 983 1654 binis
999 1609 1084 1653 sena·

127 1675 258 1747 toribus,
273 1677 377 1752 quobus
391 1684 491 1757 patres
503 1677 628 1740 Romani
639 1679 834 1750 censuissent,
850 1675 951 1740 civitas
966 1677 1084 1738 daretur

127 1768 215 1841 atqua
230 1761 262 1820 in
274 1759 496 1822 demortuorum
511 1759 609 1823 locum
623 1763 655 1822 in
671 1769 805 1824 senatum
819 1761 999 1841 legerentur.
1018 1768 1113 1821 eamo

127 1845 303 1906 sententiam
317 1843 396 1905 haud
411 1843 600 1924 aequioribus
614 1846 721 1907 animis
735 1862 822 1927 marn
843 1845 976 1925 ipsorum
990 1861 1084 1926 quon·

128 1928 195 1989 dam
219 1925 397 2007 postulatum
423 1928 595 1991 Latinorum
625 1937 725 2008 patres
753 1929 923 2000 audierunt;
962 1935 991 1990 et
1018 1937 1113 1990 cumr

128 2011 263 2074 fremitus
282 2010 498 2090 indignantium
516 2019 577 2075 tota
597 2013 679 2074 curia
699 2019 788 2083 esset,
819 2020 849 2074 ct
868 2014 1026 2091 praecipue
1049 2011 1085 2074 Τ.

127 2093 252 2158 llanlius
272 2113 336 2157 essa
356 2097 443 2158 etiam
467 2113 546 2157 nunc
573 2097 636 2158 eius
659 2096 759 2176 stirpis
781 2095 877 2156 virum
900 2095 1026 2164 diceret,
1050 2112 1087 2158 ex

129 2197 184 2260 qua
206 2179 354 2261 quondam
375 2181 408 2239 in
423 2178 564 2258 Capitolio
580 2177 684 2240 consul
700 2180 828 2240 minatus
844 2185 922 2240 esset
939 2177 1085 2248 Latinum,

128 2281 217 2343 quem
231 2265 263 2324 in
277 2264 359 2324 curia
374 2261 506 2334 vidisset,
530 2279 598 2323 eum
620 2280 676 2324 sua
690 2279 780 2324 manu
794 2279 827 2324 se
849 2261 1083 2332 interfecturum,
1190 2282 1196 2297 ’

129 2346 165 2417 Q.
182 2345 289 2408 Fabius
300 2345 443 2408 blaximus
458 2362 619 2426 numquam
633 2347 679 2406 rei
692 2345 781 2408 ullius
796 2345 937 2408 alieniora
951 2350 1117 2425 tempores

129 2431 310 2491 mentionem
324 2429 430 2491 iactam
451 2431 484 2491 in
505 2437 610 2491 senatu
630 2429 715 2500 dicit,
739 2447 827 2510 quam
843 2430 921 2492 inter
941 2437 1001 2490 tam
1021 2447 1085 2490 sus-

128 2530 237 2593 pensos
263 2515 411 2576 sociomm
437 2513 550 2576 animos
572 2514 775 2596 incertamque
803 2513 891 2575 tidem
915 2512 946 2574 id
977 2519 1084 2582 aetum,

129 2596 208 2679 quod
222 2597 343 2678 insuper
357 2595 527 2660 sollicitaret
542 2616 602 2661 eos.
632 2615 698 2660 eam
711 2600 800 2660 unius
817 2597 945 2658 bominis
961 2602 1116 2658 temera-o

129 2682 204 2744 riam
227 2699 330 2743 vocem
351 2680 467 2744 silentio
488 2684 619 2744 omnium
642 2682 868 2762 extinguendam
888 2697 968 2749 esso,
994 2686 1038 2752 et,
1062 2680 1087 2740 si

130 2765 616 2929 tdibliulztbiitit
630 2763 830 2912 :iiiiii
844 2764 1085 2911 istisiiti

130 2950 185 3013 pro
203 2952 264 2996 non
279 2932 536 2996 dictobabendum
548 2951 622 2996 esse.
646 2935 686 2995 ita
698 2934 813 2996 eiusrei
824 2950 965 3013 oppresso
976 2932 1087 2993 mentio

131 3024 185 3078 est.
215 3019 403 3089 dictatorem,
422 3019 472 3099 qui
487 3035 594 3080 censor
608 3026 677 3080 ante
697 3017 799 3080 luisset
816 3017 1085 3094 vetustissimusque
1097 3019 1131 3071 10

132 3117 168 3159 ex
184 3101 240 3170 eis,
261 3103 312 3180 qul
332 3104 477 3174 viverent,
502 3103 645 3165 censoriis
662 3109 752 3174 esset,
776 3103 872 3164 creari
891 3100 1016 3181 placuit,
1039 3098 1090 3176 qui

131 3189 265 3245 senatum
292 3182 419 3262 legeret,
452 3187 599 3264 accirique
625 3185 656 3247 G.
676 3185 849 3245 Terentium
876 3180 1027 3244 consulem
1050 3179 1088 3239 ad

2 3225 3 3304 l
103 3303 108 3312 .
132 3265 306 3328 dictatorem
321 3265 478 3328 dicendum
495 3268 654 3328 iusserunt.
685 3267 736 3346 qui
758 3285 796 3328 ex
809 3263 913 3345 lpum
928 3265 1031 3326 relicto
1045 3261 1087 3324 ibi
1097 3269 1128 3322 tt

131 3350 280 3430 praesidio
296 3367 363 3412 cum
384 3351 499 3428 magnis
517 3348 674 3411 itineribus
692 3350 816 3412 Romam
838 3349 976 3419 redisset,
1001 3353 1088 3408 nocte
1181 3405 1183 3412 ,

131 3435 266 3514 proxima
287 3440 321 3496 ut
339 3451 404 3496 mos
425 3440 501 3505 erat,
524 3433 563 3496 ll.
581 3433 704 3496 Fabium
725 3434 887 3497 Bnteonem
913 3450 949 3494 ex
969 3438 1088 3494 senatus

131 3517 266 3665 ffium
280 3519 345 3580 sine
359 3517 499 3597 magistro
517 3518 648 3597 equitum
663 3518 837 3580 dictatorem
858 3519 890 3579 in
904 3535 956 3579 sex
971 3533 1089 3578 menses
