2542 3956
324 285 418 326 555555
427 283 517 325 xxm.
534 282 603 326 555.
617 233 644 325 5.
656 270 682 324 o.
694 259 735 344 [e.
748 263 783 326 O.
798 262 859 344 tlt]
1007 267 1068 332 323

113 452 188 514 que,
203 433 330 513 pecunia
347 437 527 492 commeatus
542 437 592 496 aut
605 431 636 490 in
652 430 714 490 acie
731 436 782 490 551
796 428 873 491 binis
888 436 1007 510 postero
1022 431 1069 492 die

112 518 228 578 amissis
243 517 348 577 castris
362 515 525 595 perierunt
558 516 656 593 itaque
671 531 732 574 non
753 514 858 574 iuvetis
873 531 928 575 nos
942 515 973 573 in
990 513 1096 576 bellot

110 608 237 676 oportet,
255 599 404 677 Campani,
422 597 475 658 sed
488 614 583 678 paene
597 596 709 657 bellum
723 615 779 676 pro
794 596 879 658 nobis
892 598 1067 677 suscipiatis.

110 686 209 745 veniat
223 685 253 744 in
269 690 416 751 mentem,
442 688 475 741 ut
488 679 619 761 trepidos
639 680 787 761 quondam
809 683 935 742 maiores
958 689 1098 742 vestross

109 769 188 828 intra
202 767 319 828 moenia
334 763 492 844 conpulsos
508 783 564 826 nec
584 765 746 825 Samnitem
760 765 848 826 modo
863 764 993 835 hostem,
1003 839 1005 841 Ι
1016 765 1070 826 5551

110 853 198 911 otiam
215 850 377 911 Sidicinum
391 849 537 927 paventis,
554 855 692 928 receptos
706 850 737 908 in
752 848 839 910 fidem
854 849 898 909 od
911 846 1070 911 Saticulam

109 933 343 1004 defenderimus,
366 937 561 1013 coeptumque
583 938 706 1012 propter
729 950 867 992 ruscum
889 933 1070 1014 Samnitibus

107 1017 220 1078 bellum
234 1036 289 1096 per
303 1024 420 1077 centurn
435 1034 530 1096 prope
545 1018 784 1077 5555555515515
799 1016 1069 1078 1551555555551555

109 1100 274 1162 tulerimus.
306 1100 411 1160 adicite
427 1099 569 1168 adhaec,
594 1099 672 1178 quod
689 1099 792 1161 foedus
811 1119 936 1179 aequom
951 1099 1096 1170 deditis,9

107 1185 186 1264 quod
202 1183 282 1262 leges
296 1191 422 1252 5551555,
441 1182 519 1262 quod
534 1182 570 1242 ad
585 1189 764 1252 extremum,
779 1183 809 1242 id
821 1184 900 1261 quod
912 1192 979 1245 ante
994 1185 1068 1246 Can·

106 1287 229 1329 nensem
251 1276 336 1350 uerte*
357 1265 471 1327 cladem
485 1284 654 1326 maxumum
676 1266 746 1336 fuit,
769 1267 913 1327 civitatem
937 1275 1068 1328 nostram

106 1359 232 1430 magnae
246 1352 323 1429 parti
335 1357 464 1412 vestrum
476 1348 610 1410 dedimus
624 1351 960 1430 communicavimusque
972 1349 1067 1410 vobis-

107 1453 184 1495 cum.
217 1435 315 1513 itaque
336 1450 522 1494 communem
538 1433 680 1493 55515555
702 1431 829 1504 51551555,
855 1452 929 1513 quae
945 1441 1064 1512 accepta
1077 1439 1110 1490 1o

107 1526 166 1588 est,
182 1518 320 1589 credere,
336 1517 491 1597 Campani,
507 1524 632 1597 oportet,
649 1533 835 1577 communem
847 1519 971 1597 patriam
983 1525 1067 1578 tuen·

108 1600 175 1662 dam
191 1601 329 1662 arbitrari
341 1619 415 1662 esse.
450 1619 510 1661 non
525 1619 592 1661 curn
603 1602 733 1662 Samnite
749 1607 799 1661 aut
811 1601 936 1662 Etrusco
949 1619 997 1662 res
1013 1608 1065 1671 est,
1078 1606 1107 1657 11

105 1693 152 1756 ut,
175 1685 254 1765 quod
274 1704 290 1746 a
310 1684 397 1746 nobis
416 1683 546 1746 ablatum
567 1686 618 1755 sit,
640 1687 672 1745 in
691 1683 773 1745 115115
790 1693 888 1747 tannen
908 1686 1065 1763 imperium

106 1775 239 1830 maneat:
260 1769 378 1830 Poenus
399 1768 505 1839 hostis,
528 1787 565 1830 ne
584 1769 699 1830 Africae
715 1768 835 1848 quidem
853 1769 1012 1847 indigena,
1029 1767 1065 1829 ab

105 1851 218 1928 ultimis
232 1859 380 1913 terrarum
395 1854 468 1922 oris,
485 1853 562 1913 freto
579 1852 689 1912 Oceani
702 1853 896 1932 Herculisque
911 1853 1064 1921 columnis,

107 1945 258 2015 expertem
274 1937 370 1998 omnis
385 1938 459 1996 iuris
475 1943 504 1997 51
526 1934 707 1996 55551151οηί5
723 1943 752 1996 51
771 1935 888 2012 linguae
903 1954 996 2014 prope
1011 1935 1065 1994 bu·

106 2037 211 2080 manae
228 2019 352 2081 militem
367 2020 465 2080 trabit.
496 2020 576 2080 hunc
596 2027 701 2079 natura
727 2027 755 2077 et
775 2019 907 2078 moribus
931 2019 1064 2078 inmitem
1075 2024 1108 2074 12

105 2103 260 2182 ferumque
283 2105 404 2181 insuper
426 2103 485 2163 dux
506 2105 569 2181 ipse
586 2102 717 2162 efferavit
734 2101 874 2178 pontibus
890 2120 923 2161 55
938 2101 1065 2162 molibus

107 2205 143 2247 ex
157 2186 354 2246 bumanorum
367 2200 524 2263 corporum
536 2192 617 2245 strue
628 2184 770 2268 faciendis
787 2192 823 2255 et,
840 2185 918 2264 quod
928 2183 1065 2266 proloqui

107 2269 194 2329 etiarn
211 2271 305 2348 piget,
326 2270 404 2328 vesci
425 2268 598 2348 corporibus
620 2268 756 2329 humanis
778 2268 932 2330 docendo,
955 2269 1002 2329 bis
1017 2271 1107 2328 15-13

106 2351 203 2412 fandis
218 2359 317 2431 pastos
338 2351 446 2430 apulie,
471 2370 544 2432 quos
560 2353 732 2430 contingere
748 2353 835 2411 etiam
851 2353 934 2413 nefas
949 2353 1000 2423 sit,
1023 2354 1064 2411 vi·

107 2435 178 2496 dere
193 2443 279 2514 atque
296 2434 406 2496 babere
427 2435 562 2496 dominos
583 2443 612 2496 51
633 2454 669 2495 ex
682 2435 782 2495 Africa
802 2442 832 2496 et
854 2454 870 2496 a
889 2435 1064 2514 Carthagine

105 2521 171 2580 iura
185 2526 288 2600 petere
305 2525 334 2579 51
350 2517 462 2580 Italiam
476 2518 669 2581 Numidarum
684 2537 718 2580 ac
733 2519 903 2582 Maurorum
918 2521 979 2599 pati
995 2537 1064 2599 pro-

109 2603 232 2664 vinciam
248 2621 326 2674 esse,
345 2605 392 2663 cui
407 2621 480 2674 non,
497 2605 596 2682 genito
616 2603 705 2663 modo
725 2604 757 2663 in
770 2603 866 2673 ltalia,
892 2603 1064 2664 detestabile

106 2687 161 2747 5111
175 2685 331 2766 pulchrum
347 2687 417 2756 erit,
434 2686 588 2766 Campani,
611 2686 782 2767 prolapsum
797 2687 879 2748 clade
896 2688 1061 2749 Romanum
1073 2693 1106 2744 lt

105 2771 261 2851 imperium
278 2777 374 2831 restra
388 2770 461 2840 fide,
484 2773 588 2832 vestris
602 2770 712 2832 viribus
729 2778 877 2832 retentum
891 2789 926 2832 ac
940 2789 1064 2850 recupe-

105 2861 203 2916 ratum
218 2871 291 2916 5555.
321 2856 443 2934 triginta
456 2855 536 2916 milia
550 2855 696 2936 peditum,
716 2862 855 2935 quattuor
870 2858 1001 2936 equitum
1016 2874 1062 2916 ar·
1074 2860 1104 2910 15

105 2937 200 2998 bitror
221 2957 256 2999 ex
276 2939 433 3019 Campania
454 2939 544 3000 scribi
566 2955 668 3018 posse;
697 2939 756 3000 iam
776 2942 919 3019 pecuniae
942 2939 1061 2999 adfatim

107 3026 151 3080 551
163 3021 371 3100 frumentique.
402 3024 427 3082 si
442 3041 544 3102 parem
559 3024 692 3083 fortunae
708 3031 821 3084 vestrae
835 3023 923 3082 fidem
939 3021 1061 3089 habetis,

107 3121 162 3164 nec
175 3103 321 3164 Hannibal
342 3123 374 3164 se
393 3106 496 3166 vicisse
511 3107 618 3166 sentiet
639 3122 695 3164 nec
710 3106 835 3165 Romani
857 3107 949 3164 victos
967 3110 1063 3164 esso.“

166 3186 212 3248 Vl.
240 3187 302 3246 Hac
315 3189 448 3247 oratione
469 3187 597 3248 consulis
608 3186 734 3246 dimissis
748 3186 998 3265 redeuntibusque
1012 3185 1063 3246 do·
1076 3192 1090 3242 1

107 3287 187 3332 mum
198 3269 303 3349 legatis
317 3289 393 3331 unus
408 3289 443 3332 ex
454 3271 500 3331 1515
515 3271 616 3332 Vibius
627 3270 738 3330 Virrius
752 3278 868 3349 tempus
882 3272 996 3331 5551555
1012 3271 1061 3339 511,

107 3373 163 3434 quo
176 3355 317 3434 Campani
331 3373 390 3415 non
404 3373 507 3434 agrum
523 3353 618 3416 solum
633 3352 669 3414 ab
685 3354 823 3414 Romanis
839 3354 986 3435 quondam
1006 3371 1061 3433 per

106 3441 241 3500 iniuriam
258 3438 426 3519 ademptum
441 3457 632 3520 recuperare,
653 3436 705 3499 sed
725 3438 849 3517 imperio
861 3441 947 3499 etiam
961 3438 1061 3499 ltaliae

106 3524 195 3604 potiri
211 3524 333 3604 possint.
360 3524 475 3585 ¹foedus
492 3526 569 3586 enim
594 3541 661 3586 cum
675 3522 839 3586 Hannibale
854 3522 959 3602 quibus
972 3521 1089 3586 5511515

789 3607 854 3673 21*
