2532 3938
1 164 3 221 3
180 208 200 268 2
359 221 452 262 crece
469 221 523 262 vn.
540 220 612 262 car.
626 210 650 258 1.
669 198 709 281 [a.
725 224 756 264 u.
773 223 798 262 c.
814 201 955 284 ece-391]

281 487 357 548 Tl‘ll
377 487 450 548 LIVl
470 487 517 547 lit
538 487 639 547 UltllE
661 485 821 546 CONDITA
843 487 953 546 llcnn
975 487 1033 547 Vll.

148 633 161 682 1
242 622 263 683 1.
286 622 387 682 Annus
401 621 449 682 hic
465 623 521 681 erit
532 621 653 698 insignis
669 623 736 680 novi
748 621 876 682 hominis
888 620 1049 693 consulatu,
1064 623 1136 686 insi·

179 707 244 787 gnis
259 707 340 766 noris
354 704 468 766 duobus
481 703 709 783 magistratibus,
724 711 863 784 praetura
882 712 909 765 et
925 704 1019 765 curuli
1034 705 1134 766 aedili·

178 797 247 851 tate.
288 791 342 851 hos
363 789 419 850 sihi
439 790 555 868 patricii
575 789 745 868 quaesivere
765 789 894 850 honores
915 789 971 867 pro
997 807 1137 851 concesso

146 885 162 933 2
177 874 256 955 plebi
274 872 365 934 altaro
381 873 542 934 consulatu.
569 867 671 953 plebes
687 871 869 932 consulatum
882 873 914 932 L.
928 873 1036 944 Sextio,
1055 875 1137 934 cuius

177 958 242 1036 lege
257 967 358 1036 partus
373 964 444 1027 erat,
462 956 557 1024 dedit:
577 963 676 1035 patres
690 964 859 1034 praeturam
879 955 929 1033 Sp.
946 956 1035 1018 Furio
1046 959 1137 1019 Marci

177 1041 236 1102 filio
248 1039 378 1111 Camillo,
392 1039 568 1100 aedilitatem
580 1040 631 1101 Cn.
646 1039 781 1110 Quinctio
797 1039 957 1117 Capitolino
972 1049 1002 1101 et
1017 1041 1050 1102 P.
1064 1042 1135 1103 Cor·

177 1124 255 1185 nelio
274 1124 410 1204 Scipioni,
429 1143 548 1184 suarum
564 1126 693 1202 gentium
710 1125 785 1194 viris,
804 1127 897 1202 gratia
912 1127 1068 1204 campestri
1088 1143 1135 1186 ce·

177 1216 294 1288 perunt.
328 1209 361 1268 l..
378 1209 477 1268 Sextio
500 1207 612 1286 collega
633 1226 668 1268 ex
693 1208 825 1286 patribus
847 1207 931 1267 datus
947 1208 978 1268 L.
996 1209 1134 1270 Aemilius

134 1303 151 1354 t
176 1293 349 1354 Mamercus.
389 1293 531 1371 principio
549 1293 616 1352 anni
632 1300 662 1351 et
680 1292 716 1350 de
734 1291 836 1360 Gallis,
852 1309 926 1371 quos
942 1293 1037 1370 primo
1055 1293 1134 1372 pala-

178 1384 222 1438 tos
238 1394 292 1455 per
303 1376 434 1454 Apuliam
453 1378 627 1454 congregari
643 1377 702 1436 iam
716 1375 793 1436 lama
808 1383 880 1448 erat,
897 1383 926 1436 et
943 1377 978 1436 de
991 1377 1134 1437 llernico-

145 1473 243 1522 trum
260 1461 425 1520 delectione
443 1462 547 1538 agitata
561 1462 681 1520 mentio.
717 1478 783 1519 cum
804 1461 840 1520 de
861 1459 1006 1520 industria
1027 1462 1133 1532 omnia,

177 1543 294 1624 nequid
308 1559 362 1623 per
376 1543 524 1622 plebeium
536 1543 684 1604 consulem
701 1550 848 1622 ageretur,
865 1544 1081 1622 proferrentur,
1095 1546 1133 1605 si·

175 1627 297 1689 lentium
314 1629 442 1687 omnium
459 1645 560 1688 rerum
576 1645 610 1686 ac
633 1628 744 1687 iustitio
761 1627 855 1687 simile
878 1629 970 1708 otium
990 1628 1058 1698 luit,
1078 1631 1134 1688 nisi

144 1711 254 1790 equod
272 1729 331 1771 non
346 1711 523 1790 patientibus
543 1712 663 1771 tacitum
680 1710 821 1782 tribunis,
839 1711 917 1790 quod
937 1730 992 1790 pro
1014 1713 1133 1772 consule

174 1813 235 1856 uno
245 1794 361 1874 plebeio
373 1803 433 1854 tres
446 1797 585 1873 patricios
597 1798 784 1874 magistratus
796 1795 946 1856 curulibus
958 1795 1037 1856 sellis
1047 1815 1131 1875 prae·

174 1886 301 1939 tentatos
312 1885 460 1957 tamquam
476 1877 611 1940 consules
624 1880 761 1939 sedentes
777 1879 912 1940 nobilitas
922 1878 977 1939 sibi
993 1882 1132 1960 sumpsis-

144 1973 160 2023 c
174 1971 228 2033 set,
244 1974 411 2041 praetorem
433 1963 550 2042 quidem
570 1964 658 2022 etiam
673 1965 737 2024 iura
758 1962 931 2023 reddentem
947 1969 976 2022 et
990 1963 1131 2042 collegam

175 2045 344 2107 consulibus
359 2053 445 2124 atque
459 2048 551 2107 isdem
567 2048 704 2125 auspiciis
721 2054 860 2117 creatum,
872 2047 1047 2109 verecundia
1063 2047 1132 2108 inde

173 2131 300 2209 inposita
321 2136 364 2189 est
388 2132 500 2190 senatui
524 2149 559 2190 ex
580 2129 713 2210 patribus
737 2129 858 2190 iubendi
884 2129 992 2192 aediles
1014 2133 1132 2192 curules

174 2215 278 2274 creari.
314 2214 426 2292 primo,
448 2223 479 2274 ut
495 2213 615 2275 alternis
635 2216 719 2274 annis
734 2233 768 2273 ex
787 2212 874 2292 plebe
891 2215 1010 2284 tierent,
1026 2233 1131 2276 conve·

173 2305 270 2366 neret:
291 2305 391 2378 postea
407 2300 585 2376 promiscum
600 2299 662 2358 luit.

142 2385 157 2433 ⁷
233 2382 303 2442 Inde
320 2381 352 2440 L.
374 2382 503 2442 Genucio
520 2392 549 2442 ct
563 2383 597 2453 Q.
614 2380 737 2442 Servilio
758 2379 927 2442 consulibus
948 2389 977 2441 et
998 2381 1034 2443 ab
1052 2382 1128 2443 sedi-

173 2467 253 2526 tione
267 2476 296 2525 et
313 2483 330 2524 a
347 2464 424 2525 bello
443 2467 548 2544 quietis
565 2465 668 2536 rebus,
685 2483 723 2525 ne
741 2465 857 2545 quando
873 2483 889 2524 a
903 2472 984 2526 metu
1001 2484 1036 2526 ac
1050 2469 1130 2544 peri·

140 2552 157 2602 8
172 2547 245 2610 culis
260 2555 406 2620 vacarent,
421 2548 587 2628 pestilentia
602 2551 706 2627 ingens
723 2559 797 2609 orta.
826 2567 990 2619 censorem,
1006 2548 1130 2611 aedilem

173 2633 314 2704 curulem,
325 2642 387 2693 tres
402 2633 536 2694 tribunos
547 2631 641 2712 plebis
657 2641 789 2694 mortuos
806 2633 913 2705 lerunt,
927 2652 982 2713 pro
994 2636 1130 2714 portione

172 2724 202 2777 et
223 2735 257 2776 ex
278 2715 463 2778 multitudine
485 2717 539 2777 alia
559 2715 651 2777 multa
672 2717 776 2778 lunera
798 2717 897 2778 luisse.
935 2737 1129 2797 maxumeque

172 2818 236 2860 eam
254 2800 449 2878 pestilentiam
464 2801 607 2878 insignem
629 2819 710 2862 mors
732 2802 862 2880 quamvis
879 2811 1008 2873 matura,
1030 2811 1129 2864 tamen

140 2881 278 2944 eaeorba
292 2883 330 2943 ll.
345 2884 414 2944 Furi
434 2883 511 2944 iecit.
555 2883 609 2945 luit
624 2885 701 2945 enim
722 2903 790 2945 vere
812 2886 855 2944 vir
875 2887 978 2946 unicus
999 2887 1129 2946 inomni

171 2966 298 3036 fortuna,
315 2968 454 3048 princeps
465 2985 539 3047 pace
551 2967 695 3048 belloque,
710 2971 881 3048 priusquam
897 2968 1043 3029 exulatum
1056 2972 1128 3038 iret;

171 3049 278 3112 clarior
292 3053 322 3110 in
339 3051 425 3112 exilio
442 3051 487 3111 rel
505 3051 650 3113 desiderio
664 3053 794 3123 civitatis,
810 3070 884 3130 quae
901 3061 985 3131 capta
1000 3052 1129 3113 absentis

170 3134 327 3214 inploravit
346 3154 446 3214 opem,
469 3135 514 3196 rel
536 3135 690 3207 felicitate,
707 3154 763 3215 qua
785 3136 937 3196 restitutus
957 3139 988 3196 in
1003 3138 1128 3228 patriam

128 3222 163 3273 10
174 3236 273 3279 secum
291 3221 413 3298 patriam
429 3221 522 3299 ipsam
539 3221 680 3288 restituit:
702 3237 755 3298 par
770 3219 875 3279 deinde
890 3238 944 3298 per
956 3222 1084 3300 quinque
1099 3228 1130 3279 et

171 3302 273 3378 viginti
289 3320 381 3362 annos
399 3337 434 3348 -
453 3311 497 3363 tot
511 3305 588 3363 enim
604 3311 705 3380 postea
722 3305 791 3363 rixit
805 3336 841 3348 -
858 3301 943 3362 titulo
954 3310 1053 3364 tantae
1065 3302 1128 3380 glo-

172 3383 233 3442 riae
256 3383 324 3455 luit,
347 3386 509 3466 dignusque
524 3385 656 3455 habitus,
678 3405 764 3466 quem
786 3387 947 3447 secundum
968 3407 983 3447 a
1002 3386 1130 3449 Romulo

172 3465 354 3528 conditorem
370 3469 451 3529 urhis
467 3470 614 3530 Romanae
630 3469 750 3530 terrent.
