2546 3936
290 203 385 246 amna
401 203 468 247 rur.
487 200 556 245 aar.
572 190 613 241 23.
631 180 670 264 [s.
687 184 723 247 O.
740 191 802 248 328.
818 183 880 270 ³²7]
1028 193 1069 257 73

107 352 333 418 abSamoittbus
343 351 436 413 teror.
456 349 535 413 ultro
547 349 719 412 incusabant
729 353 1068 427 iulrrriasliomanorum,
1123 327 1131 338 ,

107 457 202 518 neque
209 457 245 499 eo
253 435 455 516 neglegentius
463 453 506 504 ea,
514 435 666 514 quaeipsis
676 433 874 507 obicerentur,
889 439 1069 518 purgabant:

106 523 183 584 baud
205 520 265 582 ullo
288 519 406 601 publico
428 518 553 581 consilio
568 518 711 580 auxiliove
731 521 823 583 iurari
845 522 991 594 Graecos,
1015 531 1099 585 necti

105 606 280 668 Fundanum
292 603 518 666 Formianumve
534 620 550 663 a
565 621 597 664 se
611 602 796 666 sollicitatos:
827 607 935 686 quippe
947 608 1068 668 minime

106 691 258 770 paenitere
280 706 313 749 se
335 689 439 748 virium
458 706 593 758 suarum,
618 689 643 747 si
658 687 767 750 bellum
785 688 908 765 placeat.
939 699 1098 753 ceterumtt

106 790 167 836 nou
180 791 265 852 posse
275 770 458 834 dissimulare
471 789 559 850 aegre
569 772 629 849 pati
642 773 786 833 civitatem
795 773 977 844 Samnitium,
991 774 1069 854 quod

106 855 258 934 Fregellas
272 874 307 916 er
319 854 433 915 Vulscis
443 864 543 933 captas
557 853 726 936 dirutasque
738 855 775 917 ab
789 875 821 916 se
835 859 1000 920 restituerit
1011 860 1069 919 Ro·

106 958 213 1002 manus
231 939 372 1020 populus,
392 937 596 1018 coloniamque
614 940 645 998 in
666 939 841 1001 Samnitium
857 959 929 1019 agro
949 943 1068 1020 inposu-

107 1026 200 1092 erint,
212 1041 299 1102 quam
313 1022 410 1084 coloni
420 1041 522 1084 eorum
532 1021 682 1100 Fregellas
694 1023 851 1104 appellent.
877 1043 941 1086 earu
955 1044 986 1086 se
997 1042 1068 1087 can·
1080 1035 1097 1085 7

105 1107 257 1175 tumeliam
272 1108 485 1186 iniuriamque,
504 1107 534 1168 nl
550 1105 607 1168 sibi
622 1105 659 1167 ab
674 1108 725 1178 iis,
741 1109 792 1188 qni
807 1108 945 1179 iecerint,
969 1109 1068 1169 dema-

107 1200 168 1260 tur,
183 1193 263 1270 ipsos
278 1191 358 1252 omni
374 1192 401 1251 ri
416 1189 588 1270 depulsuros
603 1209 676 1252 esse.
709 1209 775 1252 cunr
792 1191 943 1255 Romanus
956 1191 1099 1270 legatuss
1179 1193 1182 1199 '

32 1337 34 1340 .
106 1275 143 1337 ad
164 1274 387 1354 disceptandum
411 1293 462 1336 eos
483 1275 519 1335 sd
540 1292 713 1336 communes
732 1277 828 1336 socios
850 1284 937 1354 atque
960 1277 1070 1338 amicos

107 1369 238 1420 vocaret:
265 1360 362 1438 „quid
377 1358 517 1439 perplexe
532 1359 691 1436 agimusl“
704 1359 813 1440 inquit,
829 1405 848 1430 „
858 1368 958 1420 nostra
974 1367 1068 1420 certa·

106 1445 202 1510 rnina,
224 1443 363 1510 Romani,
386 1461 445 1504 non
462 1441 549 1504 rerba
567 1440 730 1520 legatorum
746 1460 800 1502 nec
822 1443 974 1502 bominum
990 1445 1068 1522 quis·

106 1544 194 1606 quarn
214 1526 406 1606 disceptator,
423 1526 474 1588 sed
493 1543 614 1605 campus
626 1527 806 1606 Campanus,
822 1527 852 1586 in
871 1545 929 1606 quo
943 1545 1068 1588 concur·

105 1608 234 1686 rendum·
252 1618 310 1680 est,
339 1620 368 1671 et
387 1629 466 1672 arma
491 1622 521 1670 et
541 1612 706 1672 communis
726 1609 804 1673 Mars
828 1609 897 1673 belli
918 1609 1067 1676 decernet.

104 1695 231 1775 proinde
243 1697 320 1755 inter
332 1694 459 1773 Capuam
473 1693 699 1774 Suessulamque
710 1702 805 1756 castra
818 1696 922 1756 castris
934 1694 1099 1755 coniers-9

104 1796 172 1856 mus
182 1787 226 1853 et,
239 1779 356 1840 Samnis
368 1778 555 1839 Romanusne
571 1779 695 1857 imperio
706 1778 817 1840 ltaliam
830 1787 947 1856 regant,
964 1778 1067 1839 decer·

104 1872 240 1923 namrrs.“
272 1860 360 1940 legati
380 1861 580 1922 Romanorum
603 1880 670 1922 cum
690 1880 722 1922 se
745 1880 805 1923 non
827 1881 885 1942 quo
906 1863 1002 1923 bostis
1018 1881 1067 1925 ro·
1080 1870 1114 1923 te

105 1953 216 2013 casset,
244 1946 295 2008 sed
323 1964 382 2025 quo
405 1947 598 2024 imperatores
625 1947 670 2006 sui
697 1945 862 2014 duxissent,
890 1945 983 2007 ituros
1005 1964 1069 2008 esse

104 2027 328 2109 respondissent
344 2029 406 2090 m.
435 2030 493 2090 iarn
510 2028 653 2091 Publilius
670 2031 748 2090 inter
764 2027 941 2107 Palaepolim
955 2029 1068 2109 Neapo-

105 2113 215 2192 limque
232 2112 298 2174 loco
312 2120 458 2193 oportune
474 2123 559 2192 capto
575 2113 735 2174 diremerat
749 2113 882 2174 hostibus
897 2114 1068 2174 societatem

106 2197 207 2258 auxilii
222 2200 329 2269 mutui,
345 2216 418 2276 qua,
433 2204 466 2257 ut
482 2199 605 2276 quisque
621 2196 703 2257 locus
718 2205 923 2276 premeretur,
946 2198 1069 2259 interae

105 2281 152 2340 usi
175 2281 299 2342 lucrant.
332 2283 430 2360 ltaque
454 2290 521 2343 'cum
538 2289 568 2342 et
591 2282 777 2343 comitiorum
795 2279 858 2339 dies
877 2281 1017 2350 instaret,
1040 2287 1109 2341 etll

106 2362 262 2424 Publilium
281 2366 474 2426 inminentem
496 2365 623 2426 bostium
643 2366 736 2426 muris
755 2365 870 2424 avocari
891 2362 927 2424 ab
950 2381 1003 2441 spe
1021 2381 1068 2424 ca·

107 2447 232 2526 piendae
245 2450 277 2508 in
291 2448 354 2510 dies
370 2448 452 2510 urbis
466 2449 543 2510 baud
560 2467 575 2508 e
591 2447 756 2526 republica
775 2455 866 2516 essct,
887 2454 983 2509 actum
1000 2464 1068 2507 cum

107 2530 234 2591 tribunis
258 2541 319 2600 est,
342 2533 378 2592 ad
400 2531 539 2613 populum
561 2533 688 2602 terrent,
717 2542 763 2601 ut,
785 2549 852 2592 cum
875 2531 910 2602 Ο.
925 2527 1068 2591 Publilius
1079 2538 1113 2589 12

106 2614 192 2676 Philo
208 2614 359 2679 consulatu
378 2616 500 2686 abisset,
525 2616 717 2698 proconsule
741 2634 804 2678 rem
820 2621 953 2692 gereret,
973 2614 1069 2695 quoad

107 2696 285 2764 debellatum
300 2718 367 2762 cum
385 2701 506 2762 Graecis
521 2710 607 2762 esset.
635 2700 668 2762 L.
685 2697 835 2769 Cornelio,
857 2699 925 2778 quia
946 2715 983 2758 ne
999 2717 1066 2759 eum
1080 2705 1113 2758 ta

106 2783 224 2862 quidem
248 2787 279 2846 in
300 2785 451 2846 Samnium
476 2785 534 2845 iam
560 2785 723 2862 ingressum
746 2785 878 2845 revocari
898 2781 935 2844 ab
958 2783 1069 2862 impetu

105 2866 176 2928 belli
191 2868 342 2949 placebat,
365 2868 479 2928 litterae
502 2868 623 2938 missae,
645 2877 677 2928 ut
692 2868 864 2930 dictatorem
883 2867 1067 2928 comitiorum

107 2968 193 3011 causa
208 2953 329 3013 diceret.
359 2951 432 3012 dirit
446 2950 483 3012 ll.
498 2950 650 3012 Claudium
665 2950 850 3020 Marcellum:
872 2949 908 3012 ab
926 2968 961 3011 eo
975 2951 1066 3029 magi·
1078 2958 1112 3008 tt

107 3039 169 3093 ster
185 3037 315 3112 equiturn
334 3035 427 3096 dictus
443 3035 493 3113 Sp.
512 3034 687 3096 Postumius.
719 3053 774 3098 nec
795 3043 894 3096 tamen
916 3033 953 3095 ab
977 3033 1067 3093 dicta·

107 3123 173 3177 tore
193 3118 310 3177 comitia
329 3128 397 3180 suot
417 3117 531 3190 habita,
551 3119 634 3198 quia,
656 3121 764 3180 vitione
787 3128 903 3179 creatus
924 3125 1016 3187 esset,
1036 3117 1067 3176 in

108 3197 341 3279 disquisitionem
358 3203 446 3262 venit.
479 3201 604 3264 consulti
615 3219 743 3280 augures
755 3202 889 3262 ritiosam
902 3199 994 3259 rideri
1006 3198 1067 3259 die·

106 3292 232 3346 tutorem
249 3286 520 3363 pronuntiaverunt.
552 3303 616 3348 earn
631 3303 695 3350 rem
714 3283 826 3347 tribuni
841 3290 1006 3362 suspectam
1022 3283 1067 3342 in·
1077 3289 1112 3342 tt

107 3366 276 3448 famemque
289 3367 473 3430 criminando
488 3369 638 3430 lecerunt:
669 3385 736 3430 nam
760 3385 855 3446 neque
872 3364 957 3425 tarde
978 3364 1067 3427 luisse

105 3449 136 3511 ld
150 3453 250 3514 vitium
265 3454 357 3524 nosci,
373 3469 440 3516 cunr
451 3451 554 3514 consul
570 3454 670 3514 oriens
680 3452 818 3514 denocte
829 3449 945 3514 silentio
958 3449 1070 3514 diceret
